1617 2892
593 367 631 391 ΒΕ
666 368 871 392 ΝΞΜΤΕΝΤΙΑ.

272 428 431 460 attritionis
464 427 610 459 Confessio
649 429 708 459 erit

216 472 319 512 Iaym„
343 474 422 512 Luyo
433 495 441 509 ,
465 476 517 503 etc.

203 517 232 549 Ξῖ
253 518 483 549 circumstantiis
507 518 709 550 minuentibus

203 564 276 593 mum
284 562 469 604 applicandae
480 567 550 594 sunt
560 588 568 600 ,
581 572 651 603 quae
661 563 707 595 vel

203 607 323 639 :tollent
337 608 476 638 malitiam
488 632 497 645 ‚
512 607 559 639 vel
572 618 611 639 ex
621 617 708 639 mor-

203 653 268 683 iunt
278 652 409 692 veniale,
425 657 459 683 ut
472 653 603 693 parvitas
616 656 709 683 mate-

203 696 409 734 odelina-atio,
429 701 507 734 etc.;
531 697 578 727 vel
600 696 709 737 alioqui

203 741 261 772 iter
282 744 401 771 mutant
421 739 566 779 J’udicium
585 740 710 771 Confes-

203 784 302 817 :altem
310 785 408 824 quoad
419 785 558 825 speciem.
569 801 610 808 -—
622 784 688 815 47⁴.

203 829 288 861 'itur
302 830 334 860 θ’
346 837 385 859 au
398 830 625 860 circomstantiae
638 838 711 870 mo-

203 883 226 905 m
244 873 414 905 mortalium
426 873 592 904 notabiliter
601 882 710 913 aggra-

206 918 267 949 aint
277 918 444 949 necessario
453 917 628 948 confitendae
634 918 650 947 ‘i

203 962 347 994 —Adsunt
366 967 428 993 tres
444 963 598 993 sententioe
608 970 710 993 omnes

203 1007 357 1038 moabites.
364 1022 405 1029 -
416 1007 519 1037 Pm'ma
528 1007 670 1048 affirmat,
680 1011 711 1038 et

203 1055 286 1084 ment
298 1052 403 1088 sinan,
416 1052 482 1082 Sota
491 1076 499 1090 ,
514 1052 615 1082 Sancta.
624 1076 632 1090 ,
648 1052 709 1082 An-

203 1100 250 1128 soe.
265 1095 409 1127 Probatur
431 1097 462 1126 ⁴⁰
481 1105 519 1126 ex
534 1095 645 1126 Rituali
655 1120 663 1133 ,
679 1100 711 1126 et

203 1141 326 1173 aehisnw
339 1142 419 1171 Rom.
427 1164 436 1178 ,
447 1150 486 1171 ex
498 1140 607 1181 quibus
616 1140 709 1181 expli-

216 1190 288 1218 sum
306 1186 538 1217 circumstantiae
554 1195 623 1226 quae
633 1193 710 1226 pra-

203 1239 218 1261 ι
236 1229 325 1261 valde
347 1234 474 1271 anyent,
494 1230 539 1260 vel
562 1230 708 1261 minuunt.

203 1283 241 1306 tm·
255 1275 290 1305 2·
306 1275 437 1313 ratione,
452 1275 521 1314 quia
539 1274 642 1306 eadem
656 1283 710 1304 ra-

203 1327 230 1350 n
249 1318 358 1351 suadet
386 1320 622 1350 circumstantias
644 1328 710 1359 spe-

203 1367 332 1395 mntes
341 1372 407 1394 ease
420 1363 614 1400 confitendas,
627 1367 712 1403 urget

213 1416 270 1449 po
291 1408 523 1439 circumstantiis
545 1407 713 1439 notabiliter

203 1452 341 1492 antibus,
352 1455 420 1483 cum
430 1453 712 1493 utroequeJ‘udicium

203 1497 268 1529 sarii
306 1496 475 1528 notabiliter
514 1502 637 1529 mutent.
672 1513 712 1521 ·-

203 1540 384 1573 humerum
390 1565 398 1578 ,
408 1550 498 1582 quem
509 1546 609 1573 tenent
618 1544 711 1582 Sper„

203 1585 237 1616 tit
251 1586 417 1617 necessario
433 1595 499 1617 esse
518 1586 713 1618 confitendam

203 1630 351 1661 mutiam
378 1629 453 1670 quid
472 1654 481 1669 ,
508 1639 577 1671 quae
604 1631 715 1662 scilieet

203 1677 218 1704 t
252 1674 452 1714 integritatem
491 1675 713 1707 substantialem

203 1717 213 1748 i
223 1718 256 1749 iu
270 1718 423 1750 individuo
434 1744 442 1757 ,
457 1721 546 1760 prout
555 1724 601 1750 est
613 1729 713 1760 quan-

203 1763 350 1793 minatio
361 1787 370 1802 ,
389 1764 457 1804 quia
475 1763 547 1795 alias
562 1764 714 1796 Confessa—

203 1814 246 1837 m
278 1808 375 1848 potuit
399 1808 555 1839 efformare
580 1808 714 1839 debitum

203 1859 242 1882 tm
267 1851 308 1882 de
333 1852 498 1884 substantia
530 1853 650 1893 peccati.
673 1869 714 1875 —

211 1897 354 1927 muntia
363 1897 434 1927 mihi
441 1896 621 1937 probabilior
629 1902 715 1938 negat

203 1940 384 1981 bligationem
404 1942 561 1973 confitendi
584 1943 715 1973 circum-

203 1994 226 2017 ις
241 1991 436 2026 aggravantes
449 1991 498 2023 ,et
518 1987 594 2018 hanc
615 1991 716 2019 tenent

203 2031 319 2068 min.,S.
330 2032 501 2067 Bmar.,S.
510 2031 627 2068 Bonae„
636 2032 713 2071 suto,

225 2075 257 2106 S.
280 2075 395 2114 Thera,
412 2080 464 2107 etc.
490 2076 572 2107 Ratio
592 2077 712 2116 prima,

203 2118 386 2151 hdmti‘num
397 2129 455 2151 non
471 2121 593 2161 imponit
603 2125 636 2151 ut
645 2130 714 2151 con-

203 2172 240 2195 nr
250 2164 307 2195 nisi
319 2163 397 2195 solas
405 2165 640 2196 circumstantias
649 2174 717 2206 quie

203 2212 219 2239 t
233 2209 372 2250 speciem.
384 2209 470 2240 Ratio
487 2209 614 2240 secunda
624 2232 633 2247 ,
646 2210 715 2250 quia

203 2253 367 2285 immitentes
382 2261 500 2293 semper
514 2254 591 2284 inter
603 2263 716 2294 angus-

203 2301 348 2329 morant
354 2321 363 2337 ,
373 2300 442 2329 cum
452 2307 570 2339 semper
578 2298 716 2330 dubitare

203 2346 221 2373 it
231 2341 272 2374 do
282 2343 450 2383 integritate
460 2352 583 2374 suarum
593 2344 716 2376 confes-

203 2395 217 2417 η
231 2410 241 2425 ,
260 2386 293 2417 iu
315 2386 539 2419 determinando
559 2397 629 2428 quaa
651 2389 717 2419 cir-

203 2430 289 2461 mtioe
310 2431 372 2462 sint
403 2432 450 2463 vel
478 2442 517 2463 ne
549 2432 716 2464 notabiliter

203 2480 304 2506 rantes.
332 2475 418 2507 Ratio
441 2477 528 2508 tertia
545 2499 556 2515 ‚
589 2478 660 2518 quia
689 2477 715 2509 ai

1307 361 1376 395 529

762 433 930 461 teneremur
941 431 1129 463 manifestare
1138 431 1374 464 circumstantias

761 474 928 506 notabiliter
954 480 1148 516 aggravantes
1162 500 1170 515 ,
1205 481 1375 507 teneremur

760 519 848 550 etiam
863 520 995 551 confiteri
1007 520 1174 552 notabiliter
1187 521 1372 559 minuentem

761 572 851 604 quam
865 569 963 595 tamen
986 563 1192 604 obligationem
1212 563 1374 595 adversarii

762 612 879 648 negant.
902 609 986 639 Ratio
1007 608 1114 639 ultim
1134 612 1166 639 et
1186 608 1280 648 potior
1294 632 1302 647 ,
1327 612 1373 639 est

761 653 830 692 quia
840 661 927 683 nemo
941 657 1058 684 tenetur
1068 661 1188 684 servare
1201 652 1294 693 legem
1310 651 1373 683 du-

762 695 851 732 biam,
862 701 896 727 ut
907 697 971 727 fuse
981 697 1138 738 probatum
1152 700 1198 728 est
1210 697 1242 727 in
1251 696 1371 727 Dissert.

761 740 796 770 de
816 740 900 780 Opin.
921 741 1021 780 Proh„
1049 742 1143 772 Tmcc.
1157 741 1194 771 de
1208 741 1321 779 Conse„
1341 749 1371 771 n.

763 785 811 815 53.
835 784 937 823 Unde,
963 787 1033 816 cum
1061 785 1109 816 lex
1132 783 1287 816 confitendi
1307 784 1373 814 cir—

761 831 953 860 cumstantias
965 834 1158 870 aggravantes
1168 830 1207 860 sit
1220 828 1304 859 valde
1313 828 1374 859 du-

762 873 820 912 bia,
832 873 870 904 ad
885 873 963 904 illam
975 883 1032 904 non
1045 878 1194 911 tenemur;
1206 877 1236 904 et
1246 871 1325 910 ideo,
1339 876 1374 903 ut

762 917 838 949 bene
851 918 893 948 ait
911 919 1005 959 Luqo,
1026 917 1226 948 Tridentinum
1246 926 1304 948 non
1316 926 1374 948 ex-

763 963 881 1003 plicavit
898 963 973 994 hanc
990 963 1196 1003 obligationem
1215 962 1280 993 illas
1299 971 1373 993 con-

761 1007 863 1038 fitendi
876 1031 884 1046 ‚
910 1008 978 1048 quia
999 1017 1056 1038 non
1077 1008 1149 1038 satis
1171 1007 1331 1038 Concilium
1341 1006 1373 1037 id

761 1051 897 1091 colligere
918 1053 1012 1092 potuit
1030 1061 1068 1082 ex
1091 1051 1199 1082 Christi
1221 1051 1320 1082 verbis
1342 1054 1373 1082 et

761 1096 943 1126 Sacramenti
971 1096 1160 1126 institutione.
1188 1095 1315 1136 Excipe,
1339 1098 1374 1126 nt

763 1143 841 1171 recte
863 1140 966 1171 dicunt
985 1142 1060 1180 Luyo
1072 1144 1102 1170 et
1120 1140 1230 1179 Salm.‚
1255 1139 1373 1180 quando

761 1185 991 1215 circumstantiae
1014 1189 1207 1224 aggravantes
1231 1183 1374 1215 inducunt

762 1238 941 1267 censuram,
977 1229 1022 1260 vel
1047 1229 1294 1269 reservationem,
1320 1232 1373 1260 aut

762 1273 881 1314 quando
893 1274 1088 1305 confessarius
1107 1273 1289 1313 interrogat,
1313 1282 1373 1314 pu-

764 1323 864 1358 tatque
875 1328 993 1350 necesse
1004 1318 1033 1349 id
1043 1319 1119 1349 scire
1132 1317 1169 1347 ad
1181 1317 1355 1348 medicinam
1363 1341 1373 1357 ,

765 1363 810 1394 vel
834 1364 1046 1394 restitutionem
1071 1361 1286 1403 imponendam.
1314 1361 1374 1392 Nec

764 1408 862 1439 obstat
874 1408 972 1440 dicere
979 1407 1057 1449 quod
1073 1408 1102 1438 in
1116 1408 1374 1438 sacramentorum

765 1454 886 1484 materia
898 1462 955 1484 non
969 1453 1114 1493 possimus
1127 1453 1209 1493 sequi
1224 1452 1375 1492 opiniones

764 1497 858 1528 solum
875 1497 1040 1538 probabiles
1052 1520 1060 1534 ‚
1081 1497 1149 1537 quia
1166 1497 1221 1527 hoc
1243 1494 1375 1537 procedit

764 1544 832 1573 cum
842 1543 940 1582 agitur
949 1542 987 1572 de
1000 1542 1098 1572 valore
1111 1541 1309 1574 sacramenti.
1323 1549 1374 1571 se-

765 1589 818 1617 cus
830 1586 867 1617 de
882 1587 1047 1626 integritate
1062 1596 1070 1616 ε
1083 1590 1115 1617 et
1126 1587 1157 1616 iu
1170 1587 1312 1626 quantum
1334 1583 1374 1614 ad

767 1630 908 1669 valorem,
933 1634 1048 1661 certum
1067 1633 1113 1661 est
1133 1629 1268 1661 sufficere
1292 1629 1374 1659 inte-

765 1675 903 1715 gritatem
913 1673 1074 1705 formalem.

804 1719 888 1750 Unde
898 1742 907 1756 ,
916 1718 1108 1759 probabiliter
1116 1717 1220 1749 dicunt
1238 1717 1270 1748 S.
1285 1717 1376 1748 Anto-

764 1765 845 1803 nin„
869 1765 968 1805 Luqo,
992 1766 1044 1794 etc.
1058 1786 1067 1801 ,
1093 1762 1173 1803 quod
1195 1772 1249 1803 per
1272 1771 1305 1793 se
1329 1761 1376 1792 lo-

765 1808 883 1850 quendo
895 1833 902 1847 ‚
924 1808 1070 1849 poenitens
1090 1816 1148 1837 non
1167 1810 1284 1837 tenetur
1304 1806 1375 1837 furti

765 1854 959 1895 quantitatem
986 1851 1141 1892 explicare.
1168 1851 1297 1887 Dicitur,
1320 1859 1376 1889 per

766 1908 796 1929 se
824 1897 962 1938 loquendo
974 1921 981 1934 ,
1011 1905 1078 1927 nam
1098 1896 1215 1926 aliunde
1227 1920 1235 1933 ,
1259 1897 1327 1935 quia
1343 1899 1376 1925 ut

767 1944 927 1984 plurimum
946 1942 1146 1973 Confessus-ius
1156 1941 1304 1980 inquirere
1317 1940 1376 1969 de·

767 1988 818 2018 bet
844 1987 882 2017 de
908 1986 1071 2026 quantitate
1109 1986 1199 2023 furti,
1234 1984 1272 2015 ad
1300 1984 1375 2021 hoc,

768 2037 800 2062 ut
820 2032 893 2062 sciat
915 2028 1061 2070 quomodo
1086 2038 1118 2059 se
1144 2038 1247 2068 gerere
1270 2027 1377 2058 debeat

766 2077 844 2106 circa
857 2074 1068 2105 absolutionem
1083 2071 1307 2113 impertiendam
1317 2094 1327 2108 ‚
1346 2076 1376 2102 ct

766 2120 971 2160 obligationem
1000 2118 1193 2149 restitutionis
1219 2117 1376 2156 imponen-

766 2164 834 2194 dam
846 2188 854 2202 ,
874 2162 939 2193 ideo
960 2167 992 2193 ut
1013 2162 1172 2203 plurimum
1187 2164 1303 2191 tenetur
1314 2169 1378 2200 poe·

768 2209 864 2239 nitens
887 2207 1018 2237 confiteri
1035 2207 1065 2236 in
1087 2206 1165 2236 furto
1185 2205 1378 2235 circumstan—

768 2254 838 2284 tiam
852 2252 1032 2292 quantitatis.
1053 2267 1086 2274 -
1098 2250 1165 2280 468.

808 2296 961 2335 Quoeritur
978 2296 1010 2325 2*
1028 2304 1066 2325 an
1085 2296 1124 2325 sit
1136 2293 1273 2333 obligatio
1284 2293 1379 2326 confi-

768 2340 847 2372 tendi
859 2344 977 2381 peccata
991 2339 1124 2370 mortalia
1136 2340 1256 2380 positive
1266 2338 1355 2368 dubia
1368 2361 1376 2377 ‚

767 2387 875 2426 nempe
885 2385 909 2416 si
921 2385 1060 2424 utrinque
1069 2384 1167 2414 adsint
1173 2384 1299 2413 rationes
1307 2392 1378 2422 pro-

767 2430 881 2461 babiles
894 2428 974 2469 quod
987 2432 1138 2469 peccatum
1154 2427 1276 2457 mortale
1290 2426 1381 2457 tuerit·

767 2475 813 2506 vel
823 2483 881 2505 non
894 2473 982 2504 tuerit
992 2474 1180 2503 commissum
1191 2471 1207 2502 ?
