1617 2892
263 296 329 330 564

262 372 319 404 que
340 363 488 403 integrum
513 373 581 394 cum
605 362 749 399 Religioso
771 361 877 392 habitu

261 408 375 438 steterit
384 409 415 438 iu
430 408 615 447 probanone,
628 407 802 447 nullumque
817 407 877 437 ha-

262 454 329 484 beat
341 452 586 492 impedimentum
602 452 682 492 quod
696 461 751 493 per
765 455 876 482 statuta

260 500 277 528 a
296 498 433 528 Pontiflce
446 497 620 528 confirmata
630 521 639 535 ‚
653 498 684 527 iu
695 499 751 528 isto
763 496 876 527 Ordine

261 541 452 573 substantiale
466 546 700 573 esseeenseatur.
711 558 752 565 —
761 543 793 572 2⁰
799 542 877 573 Cou-

267 595 365 618 =ensus
376 591 407 617 et
420 588 582 627 acceptatio
598 595 739 627 expressa
759 586 807 617 vel
823 590 876 617 ta·-

261 632 316 662 cita
341 630 459 662 Praelati
482 630 603 662 Ordinis
618 641 624 660 z
639 641 692 671 per
707 631 783 662 hanc
795 631 875 661 enim

261 676 400 716 Religioni
423 677 606 717 incorporari
636 676 752 712 debet;
786 675 876 715 idque

260 720 408 751 ordinarie
419 745 426 759 ,
448 730 506 751 non
518 722 633 751 tantum
648 717 852 751 cum‘consilio
866 744 874 758 ‚

259 764 313 797 sed
324 766 413 796 etiam
423 774 492 796 cum
507 774 650 796 consensu
661 765 786 806 Capituli
801 790 809 804 ,
824 769 877 796 aut

259 811 341 841 certe
356 810 476 850 majoris
487 835 495 848 ,
513 814 565 841 aut
579 810 793 851 principalioris
806 818 875 850 par-

262 855 300 886 tis
311 879 320 894 ,
341 854 505 887 secundam
529 855 742 895 cujuscumque
754 853 877 885 Ordinis

261 903 380 931 statuta.
412 916 455 923 —
488 901 520 930 3¹¹
542 899 580 930 Ut
603 900 745 940 professio
771 900 876 939 sponte

261 944 336 975 facta
350 945 407 983 sit,
429 953 489 975 non
512 948 634 984 cogente
654 944 737 983 gravi
762 950 845 973 metu
866 965 874 981 ,

260 987 355 1028 qualis
378 992 458 1019 esset
478 989 670 1018 incarceratio
685 1012 692 1025 ,
715 987 874 1018 alimento-

259 1041 328 1063 rum
341 1031 537 1068 substractio,
563 1035 599 1063 eo
614 1032 693 1072 quod
708 1033 738 1062 in
757 1031 875 1072 profes-

258 1078 372 1109 sionem
392 1077 558 1109 consentire
577 1076 721 1114 noluerit;
743 1076 875 1116 itemque

259 1125 357 1153 metus
373 1122 577 1153 reverentiaiis
590 1146 598 1161 ,
618 1131 677 1152 uon
701 1121 822 1162 quidem
841 1130 875 1152 se

259 1167 320 1198 solo
334 1192 342 1208 ,
366 1166 420 1199 sed
437 1166 595 1198 accedente
616 1174 738 1207 precum
754 1189 762 1202 ‚
783 1164 874 1196 blan—

259 1212 399 1244 ditiarum
410 1236 418 1250 ,
437 1216 470 1243 et
487 1211 604 1253 imperii
625 1212 733 1252 smptus
750 1210 873 1251 repetita

262 1257 500 1298 importunitate,
519 1260 571 1287 aut
592 1257 675 1296 gravi
691 1255 850 1286 offensione
864 1279 872 1294 ,

259 1306 312 1332 aut
326 1301 378 1333 diu
391 1300 560 1332 continuata
580 1301 777 1340 indignatione
797 1309 873 1331 con-

260 1346 508 1387 sanguineorum,
532 1345 679 1386 adjunctis
698 1346 786 1376 etiam
815 1346 873 1375 mi-

260 1391 307 1422 nis
319 1391 358 1422 de
370 1390 511 1422 subsidiis
523 1391 665 1431 negandis
680 1415 687 1428 ,
715 1390 740 1421 si
759 1399 797 1420 ex
809 1390 873 1420 Re-

260 1435 365 1476 ligione
400 1435 570 1477 egrediatur
592 1446 600 1475 3
635 1435 695 1466 haec
718 1436 797 1466 enim
827 1434 872 1465 vel

259 1480 372 1520 singula
388 1505 395 1519 ,
420 1480 467 1511 vel
487 1482 567 1510 certe
588 1479 677 1511 simul
697 1480 851 1519 conjuncta
863 1504 870 1517 ,

258 1524 440 1555 considerata
450 1524 615 1556 conditione
630 1525 755 1555 hominis
770 1524 870 1563 rudis,

260 1569 372 1608 timidi,
394 1574 425 1600 et
446 1574 558 1600 metum
579 1570 721 1609 injustum
741 1571 872 1606 incutere

260 1618 382 1653 possunt
402 1638 409 1652 ‚
442 1618 474 1645 et
503 1615 712 1654 professionem
743 1614 869 1644 irritare.

259 1656 332 1688 vide
350 1657 475 1688 dicenda
502 1659 532 1688 in
560 1659 653 1688 Traet.
678 1658 713 1688 de
739 1658 839 1688 matri.
862 1683 869 1697 ‚

259 1711 287 1731 n.
303 1703 399 1741 ⁴055;
414 1704 557 1743 professio
576 1704 654 1734 enim
669 1707 699 1734 et
714 1703 871 1733 matrimo-

257 1747 340 1777 nium
350 1748 579 1788 aequiparantur.
594 1764 634 1771 —
645 1748 673 1778 7.

296 1792 378 1822 Nota.
406 1792 435 1822 ⁴⁰
458 1792 550 1823 Error
575 1794 653 1823 circa
676 1793 871 1824 substantiam

257 1839 318 1866 tam
332 1846 370 1868 ex
383 1842 468 1877 parte
483 1838 647 1878 profitentis
656 1840 745 1878 quam
758 1838 870 1869 admit«-

257 1882 364 1920 tentis,
380 1883 464 1913 vitiat
476 1883 696 1923 professionem.
713 1900 754 1906 —
777 1883 804 1913 6.
833 1900 871 1907 «-

256 1926 288 1955 2⁶
313 1926 515 1957 Tridentinum
539 1928 642 1958 statuit
668 1927 746 1967 quod
767 1927 871 1967 puellae

256 1979 314 2001 non
343 1972 505 2012 suscipiant
540 1972 671 2002 habitum
704 1971 870 2011 regularem

255 2017 323 2046 ante
331 2015 537 2047 duodecimum
548 2026 659 2047 annum
671 2017 849 2057 completum
861 2027 868 2047 :

256 2061 333 2092 unde
348 2066 499 2101 nequeunt
512 2063 597 2092 antea
611 2063 768 2102 suscipere.
783 2079 824 2084 —
838 2063 870 2092 3⁰

256 2104 442 2147 Exploranda
453 2110 498 2137 est
509 2107 630 2146 insuper
642 2106 774 2136 voluntas
785 2106 867 2147 puel-

255 2148 349 2180 larum
372 2150 442 2180 ante
463 2151 678 2190 susceptionem
699 2150 818 2181 habitus
837 2155 867 2180 et

254 2196 320 2225 ante
337 2195 547 2236 professionem
558 2219 566 2234 ,
584 2194 624 2225 ab
637 2196 796 2236 Episcopo,
821 2196 867 2226 vel

252 2248 286 2270 eo
299 2240 460 2280 impedito,
484 2241 502 2270 a
523 2240 657 2277 vicario,
679 2239 723 2270 vel
748 2239 804 2270 alio
815 2240 866 2271 de-

252 2288 360 2323 putato.
375 2284 406 2314 Si
423 2288 548 2324 utraque
568 2284 730 2325 exploratio
742 2285 867 2315 omitte-

253 2332 334 2358 retur
344 2352 352 2366 ,
367 2333 444 2359 esset
461 2329 546 2370 culpa
558 2330 657 2369 gravis
669 2353 676 2367 ,
691 2328 744 2359 sed
754 2329 866 2360 valeret

252 2372 399 2411 professio.
421 2389 462 2396 —-
479 2375 509 2403 4⁰
528 2373 690 2414 Episcopus
709 2373 863 2413 explorare

251 2419 346 2447 mtest
361 2420 388 2446 et
401 2415 491 2448 debet
504 2417 682 2448 voluntatem
697 2417 862 2457 puellarum

813 302 987 325 'runcnws

928 361 1017 392 etiam
1034 362 1065 392 in
1087 361 1272 394 monasteriis
1288 363 1442 403 exemptis.
1455 364 1522 395 -5'

928 405 1090 444 Religiosus
1098 430 1106 442 ,
1134 406 1243 445 injuste
1262 405 1413 446 denegans
1432 407 1521 438 suffra-

928 451 1010 490 gium
1032 450 1157 487 novitio,
1183 455 1287 491 peccat
1311 454 1344 482 et
1368 454 1475 481 tenetur
1491 450 1520 484 ad

929 496 1157 533 restitutionem,
1185 499 1219 525 ut
1238 495 1343 525 dicunt
1360 495 1518 535 Spuma,

928 539 1171 570 communissima.
1186 540 1247 570 Nisi
1262 538 1342 570 adsit
1350 540 1446 580 gravis
1453 548 1518 571 musa

928 584 1117 624 reprobandi,
1132 586 1248 625 nempe,
1260 584 1445 620 infirmitatis,
1457 583 1518 614 malo

928 629 1048 665 indolis,
1069 629 1204 659 defectus
1215 628 1410 665 talentorum,
1423 632 1450 658 et
1459 628 1517 658 simi-

929 674 1001 704 lium
1010 698 1017 712 ,
1029 674 1070 704 ita
1083 678 1117 704 ut
1127 677 1250 714 putetur
1260 673 1381 704 futurus
1389 672 1516 712 gravisre·

929 718 1037 758 ligioni.
1050 734 1091 741 —
1103 719 1157 748 Ex
1171 717 1266 749 indice
1278 715 1457 759 alphabetico.

1119 790 1272 812 nncutus
1292 790 1336 812 m.

943 843 1134 877 noobtignuone
1143 843 1267 876 Religio-t,
1276 842 1302 868 vi
1311 851 1361 868 ouo
1368 836 1505 868 widrad-k

968 903 1130 943 Religiosus
1143 903 1172 933 vi
1187 911 1247 934 suae
1260 902 1444 943 professionis
1453 905 1513 939 tene-

928 951 978 978 tur
988 947 1026 978 ad
1040 946 1292 988 progrediendum
1305 945 1405 986 aliquo
1416 943 1512 976 modoin

927 992 973 1022 via
987 991 1184 1033 perfectionis.
1203 991 1278 1027 Quia
1293 999 1332 1022 ex
1343 991 1373 1020 vi
1386 988 1513 1031 professio-

926 1037 973 1068 nis
983 1039 1101 1067 tenetur
1110 1035 1185 1066 velle
1195 1043 1317 1066 servare
1322 1043 1412 1066 suum
1422 1036 1512 1069 stam.

925 1081 977 1121 qui
996 1085 1042 1111 est
1061 1080 1267 1121 perfectionis,
1286 1080 1350 1111 sive
1364 1076 1512 1110 tendentium

924 1125 963 1156 ad
985 1125 1196 1166 perfectionem
1219 1124 1305 1165 (licet
1326 1122 1476 1155 secuudum
1489 1127 1513 1151 ιο

925 1179 985 1201 uon
1011 1170 1051 1201 sit
1066 1170 1225 1210 praecepti,
1246 1168 1299 1200 sed
1320 1165 1487 1208 consilii);t

924 1219 1025 1246 autem
1039 1219 1085 1245 est
1096 1214 1256 1245 intrinsece
1270 1213 1346 1244 velle
1364 1211 1472 1244 tendere
1484 1206 1511 1240 xl

924 1259 1146 1301 perfectionem.
1159 1259 1191 1289 S.
1208 1258 1306 1290 Thom.
1317 1261 1372 1289 etc.

966 1350 998 1380 t·
1017 1350 1180 1390 Religiosus
1191 1358 1250 1379 non
1263 1352 1385 1380 tenetur
1396 1352 1459 1380 actu
1466 1352 1510 1378 fl

924 1395 1074 1435 perfectus
1084 1418 1092 1433 ‚
1104 1393 1158 1425 sed
1167 1394 1285 1423 tantum
1295 1392 1416 1424 studere
1424 1391 1511 1434 perbo-

925 1439 1005 1470 tioni.

964 1484 997 1513 2⁰
1026 1484 1155 1515 Tenetur
1175 1482 1299 1514 tendere
1322 1482 1361 1514 ad
1385 1478 1509 1523 perteus-

924 1537 992 1559 nem
1003 1553 1011 1567 ,
1024 1530 1055 1558 ⁴⁰
1069 1538 1123 1569 per
1134 1528 1230 1559 media
1241 1527 1409 1559 essentialia
1419 1551 1427 1564 ‚
1442 1526 1508 1564 2⁰ss

925 1577 991 1603 vota
1001 1597 1008 1611 ,
1024 1573 1056 1602 3⁰
1070 1582 1124 1613 per
1145 1572 1254 1603 auxilia
1270 1571 1454 1608 secundaria,
1468 1572 1507 1598 Μ

923 1617 1137 1647 contemnendo
1146 1625 1196 1654 ως
1220 1618 1251 1647 4⁰
1262 1621 1383 1647 tenetur
1394 1611 1508 1655 aliquibus

923 1661 1028 1692 mediis
1051 1662 1107 1699 uti,
1130 1665 1160 1692 et
1179 1661 1205 1691 si
1224 1662 1325 1692 omnia
1344 1659 1438 1691 media
1451 1654 1508 1694 abii·

922 1706 990 1743 ciat,
1000 1714 1059 1736 nou
1069 1709 1114 1735 est
1125 1705 1155 1736 in
1169 1709 1248 1736 statu
1259 1705 1379 1743 satutis;
1391 1720 1430 1727 -
1441 1702 1464 1733 5·
1476 1703 1507 1730 10·

923 1754 1010 1780 netur
1019 1749 1058 1780 ad
1071 1749 1171 1789 aliqua
1182 1749 1260 1779 bona
1271 1745 1506 1790 supet-erogem»

922 1795 986 1825 sive
1015 1793 1180 1834 specialiter
1214 1802 1274 1824 nou
1301 1796 1443 1834 praecepta
1468 1793 1508 1820 Μ

922 1839 1067 1879 promissa
1078 1862 1086 1875 ,
1115 1838 1186 1878 quia
1217 1838 1291 1869 alias
1321 1836 1458 1868 moraliter
1474 1831 1506 1863 1⁰·

922 1882 1040 1923 quendo
1068 1892 1127 1913 non
1156 1886 1254 1922 potest
1275 1882 1388 1913 habere
1407 1879 1505 1912 debili!m

922 1927 1112 1957 intentionem
1124 1926 1236 1957 salutis.

963 1972 995 2002 3⁰
1014 1972 1141 2002 Tenetur
1164 1971 1288 2003 tendere
1309 1971 1349 2002 ad
1378 1966 1506 2013 perfectio·

922 2026 989 2047 nem
1012 2026 1066 2057 per
1087 2015 1184 2047 media
1200 2025 1265 2047 suae
1286 2015 1506 2056 Religionis‚mfl

920 2071 975 2102 per
994 2061 1066 2099 alia,
1088 2060 1144 2091 hoc
1162 2064 1209 2092 est
1229 2059 1378 2092 servando
1396 2066 1457 2093 suas
1469 2062 1508 2087 ro-

920 2105 1011 2145 gulas.
1027 2121 1068 2128 —
1081 2105 1109 2135 9.

961 2150 1114 2188 Quoeritur
1128 2150 1159 2181 {⁰
1173 2149 1364 2190 quandonam
1376 2146 1509 2189 Religion!

919 2196 1020 2225 contra
1035 2194 1244 2235 obligationem
1258 2194 1336 2224 hanc
1347 2182 1509 2226 tenor-»adid

917 2239 1126 2280 perfectionem
1138 2239 1269 2279 graviter
1279 2237 1405 2279 peccet?

957 2285 990 2315 R.
1005 2300 1046 2307 ·—
1063 2284 1094 2314 Ρ
1118 2283 1223 2314 Peccat
1245 2282 1398 2322 graviter,
1417 2274 1513 2322 quan&

917 2328 1034 2368 regulas
1044 2352 1053 2367 ‚
1087 2328 1143 2359 etsi
1175 2327 1214 2358 ad
1246 2326 1367 2367 culpam
1391 2323 1513 2358 venialem

917 2375 1032 2404 tantum
1065 2372 1111 2403 vel
1146 2371 1259 2402 nullam
1289 2370 1451 2412 obligantes
1461 2392 1469 2406 ,
1487 2372 1525 2404 ox,

915 2421 1085 2459 contemptu
1111 2414 1329 2456 transgreditur
1354 2425 1363 2446 ε
1385 2418 1432 2447 est
1448 2421 1525 2448 com.
