1617 2892
199 86 1187 218 ψ

701 406 740 429 BE
767 404 887 428 onoma.

199 473 248 502 test
266 480 319 511 per
341 464 472 511 seipsum
496 470 610 507 facere,
632 467 687 500 sed
709 477 765 509 per

199 523 240 545 um
267 515 418 546 vicarium
450 514 584 545 electum.
611 513 686 544 Item
718 513 767 544 hic

199 559 309 591 tandum
317 583 325 597 ,
337 558 433 600 quod,
445 558 521 590 Sede
534 562 671 595 vacante,
690 557 767 589 bene

199 604 243 636 ssit
259 602 390 635 ordinari
410 604 487 634 intra
510 611 622 633 annum
638 603 691 643 qui
711 602 765 632 ha-

199 652 212 679 t
236 647 419 679 Dimissorias
452 647 589 688 Episcopi
626 646 767 678 defuncti.

199 700 234 723 tm
262 692 371 723 dicitur
396 692 434 722 de
467 690 663 731 Regularibus
689 691 766 721 intra

201 745 260 767 num
279 735 474 768 afferentibus
492 735 678 766 Dimissorias
695 743 766 765 suo·

201 782 434 822 insuper-iorum:
457 780 504 812 his
517 780 597 811 enim
618 779 695 810 bene
714 788 767 819 po·

199 829 216 857 tt
239 826 403 867 Capitulum
428 825 575 856 licentiam
606 823 767 855 concedere

212 869 377 901 ordinentur
391 870 431 901 ab
445 869 542 910 aliquo
555 869 707 910 Episcopo.
730 868 767 899 Et

199 915 293 944 zetiam
312 912 412 944 valent
427 914 607 944 Dimissoriae
621 921 767 943 concessae

201 957 339 999 capitulo,
362 958 440 989 Sede
461 961 602 995 vacante,
625 960 691 997 post
711 964 768 986 an-

199 1010 241 1040 tm,
252 1003 366 1033 etiamsi
379 1003 418 1033 sit
434 1002 496 1041 jam
512 1002 661 1042 ingressus
676 1009 768 1031 novus

199 1046 318 1088 iscopus.
337 1063 379 1070 —
399 1047 540 1083 Quamvis
558 1051 657 1076 autem
678 1045 768 1086 Capi-

199 1089 314 1123 lnmnon
329 1092 423 1132 possit
435 1091 514 1122 intra
532 1099 643 1122 annum
658 1090 768 1121 Dimis-

199 1135 248 1167 rias
283 1135 445 1166 concedere
469 1159 478 1174 ,
523 1135 625 1166 dicunt
666 1139 764 1165 tamen

199 1179 271 1217 not„
283 1183 336 1211 etc.
348 1203 356 1217 ,
376 1179 455 1210 bene
474 1188 561 1221 posse
582 1178 655 1209 dare
673 1179 767 1209 alieno

199 1222 292 1265 iscopo
313 1223 463 1255 licentiam
486 1223 696 1255 Pontificalium
709 1247 717 1263 ,
737 1227 768 1254 et

199 1267 263 1299 nuter-
290 1268 460 1299 conierendi
491 1268 619 1300 Ordines
648 1268 768 1300 Clericis

199 1309 277 1343 odius
300 1312 357 1353 ipsi
382 1312 548 1354 Episcopo,
570 1312 617 1344 vel
641 1312 768 1344 subditis

199 1353 248 1386 {lun
258 1356 327 1387 Sedi
337 1358 466 1395 vacanti,
480 1358 531 1398 qui
552 1366 610 1388 non
624 1358 642 1388 a
657 1358 767 1388 Metro·

199 1398 297 1440 nuno,
319 1410 375 1432 nec
390 1402 431 1433 ab
451 1403 596 1443 Episcopo
617 1403 766 1441 viciniori,

199 1442 216 1474 d
228 1446 244 1476 a
261 1443 337 1487 Papa
357 1446 468 1478 debent
489 1447 600 1478 habere
621 1447 766 1478 licentiam

199 1487 314 1521 dinandi.
319 1507 361 1514 —
367 1492 398 1522 5·
407 1492 599 1524 Probabiliter
606 1493 769 1534 Episcopus

199 1536 250 1566 test
269 1536 448 1568 confirmare
474 1546 543 1568 eum
572 1538 623 1578 qui
648 1537 767 1568 adducit

200 1579 336 1612 miaeofias
352 1583 398 1613 sui
424 1582 537 1623 proprii
557 1582 692 1623 Episcopi
714 1591 769 1623 pro

199 1623 291 1656 Bura.
301 1626 339 1657 Et
348 1626 426 1658 idem
440 1628 481 1658 ait
490 1628 598 1665 croix,
611 1628 636 1658 si
646 1628 714 1668 quis
723 1632 769 1659 est

199 1666 287 1702 Rbus
303 1670 343 1702 ad
361 1671 581 1712 suscipiendum
603 1672 768 1704 Subdiaco-

199 1717 272 1753 tun,
303 1717 372 1746 cnm
399 1725 459 1748 non
483 1715 580 1748 adhuc
604 1717 768 1757 susceperit

199 1757 435 1799 ffinesminores,
455 1761 524 1801 quia
546 1765 617 1791 tunc
630 1764 767 1791 censetur

199 1804 288 1835 missus
298 1805 388 1835 etiam
398 1814 453 1846 pro
464 1805 636 1836 minoribus.
645 1819 685 1828 —-
692 1803 723 1833 δ”
729 1805 768 1835 Ut

199 1845 223 1878 is
237 1847 390 1880 ordinetur
415 1848 456 1880 ab
487 1849 583 1880 alieno
604 1849 765 1890 Episcopo,

199 1897 216 1920 n
235 1893 397 1932 requiritur
424 1897 459 1924 ut
486 1893 618 1924 obtineat
642 1895 660 1924 a
691 1903 766 1934 pro-

199 1932 220 1965 ἰο
234 1934 380 1968 licentiam
402 1937 432 1968 in
457 1938 593 1978 scriptis,
618 1937 672 1969 sed
694 1939 766 1969 satis

199 1980 240 2011 ¹‚ai
257 1986 372 2012 constet
387 1980 426 2012 de
450 1981 499 2012 illa
515 1990 570 2022 per
590 1986 698 2020 testes,
720 1983 765 2013 vel

199 2067 333 2106 θνα-ιω·
357 2071 390 2100 8·
410 2079 449 2101 an
474 2071 581 2112 aliquis
604 2071 766 2113 Episcopus

199 2114 243 2145 tait
275 2115 414 2146 ordinare
453 2115 575 2147 alterius
612 2116 765 2148 subditum

1364 391 1431 427 627

819 466 998 498 Dimissoriae
1010 466 1192 508 diriguntur,
1206 472 1298 511 possit
1306 471 1432 515 dispen-

819 519 888 542 sare
904 520 973 542 cum
996 513 1158 545 ordinando
1178 524 1268 556 super
1287 518 1434 558 irregula-

820 555 925 594 ritate,
946 560 1000 586 aut
1022 557 1078 588 alio
1104 558 1314 599 impedimento
1338 570 1432 593 cano·

820 600 899 638 nico,
925 609 1016 641 super
1037 610 1097 642 quo
1116 605 1254 645 proprius
1272 605 1435 649 Episcopus

819 647 916 683 potest
924 643 1095 685 dispensare
1102 647 1117 677 ?

860 689 893 718 R.
912 705 952 711 —
968 689 1073 721 Prima
1086 694 1227 724 sententia
1240 703 1259 725 α
1359 700 1378 727 t.
1393 714 1434 721 —

819 732 951 764 Secunda
962 738 1032 765 vero
1040 735 1219 775 probabilior
1229 744 1332 779 aequm
1344 742 1434 779 Ratio,

819 777 889 816 quia
908 778 1059 818 privilegia
1073 789 1132 811 non
1146 782 1347 816 extenduntur
1358 786 1433 817 ultra

819 829 920 852 casum
931 831 1114 863 expressum.

859 866 940 897 Nota.
975 867 1166 900 ordinandus
1196 870 1286 903 debet
1318 881 1436 915 semper

820 909 931 941 habere
969 911 1094 943 Litteras
1133 914 1352 949 'testimoniales
1396 918 1437 950 ab

819 953 962 995 Episcopo
989 957 1129 996 originis,
1149 959 1264 991 etiamsi
1290 960 1322 992 in
1348 966 1436 994 aetate

822 998 945 1029 infantili
960 1000 999 1031 ab
1013 1001 1090 1032 illius
1104 1003 1227 1035 Dioecesi
1248 1004 1433 1046 discesserit,

820 1043 923 1074 saltem
943 1045 982 1075 ad
997 1046 1212 1078 testificandum
1231 1048 1270 1080 de
1289 1050 1436 1084 natalibus

820 1096 855 1118 ao
868 1093 964 1120 aetate.
979 1105 1020 1113 —
1033 1091 1102 1122 789.

860 1133 1014 1170 Qum-itur
1028 1135 1079 1165 ⁴0⁰
1088 1144 1227 1175 quaenam
1246 1138 1367 1171 scientia
1381 1149 1434 1172 re-

819 1177 956 1216 quiratur
969 1179 999 1208 in
1013 1178 1162 1211 initiandis
1174 1181 1214 1211 ad
1230 1182 1392 1216 Tonsuram
1405 1190 1434 1217 et

819 1221 858 1252 ad
877 1221 1029 1254 Ordines?

859 1268 892 1297 R.
913 1284 954 1291 -
964 1268 1010 1299 Ex
1025 1268 1209 1302 Tridentino:
1224 1272 1256 1302 Ρ
1270 1282 1326 1314 pro
1338 1274 1435 1316 prima

819 1311 950 1343 Tonsura
964 1337 972 1351 ‚
993 1315 1155 1353 requiritur
1187 1320 1221 1346 ut
1240 1318 1335 1348 sciant
1366 1318 1436 1349 fidei

820 1356 986 1388 rudimenta
995 1382 1002 1394 ,
1015 1358 1085 1389 item
1098 1359 1194 1399 legere
1205 1365 1235 1391 et
1244 1361 1385 1393 scribere.
1394 1380 1435 1387 —·

819 1402 852 1432 2⁰
870 1402 926 1432 Pro
938 1403 1088 1434 initiandis
1100 1404 1138 1434 ad
1149 1405 1276 1437 Ordines
1287 1407 1416 1439 minores
1424 1432 1433 1448 ‚

820 1447 981 1487 requiritur
999 1452 1033 1478 ut
1056 1448 1159 1480 saltem
1172 1450 1301 1491 linguam
1314 1450 1434 1483 latinam

821 1491 991 1531 intelligant.
1018 1508 1058 1516 ·-
1084 1494 1115 1524 3·
1142 1494 1199 1524 Pro
1222 1495 1371 1528 initiandis
1395 1495 1435 1527 ad

820 1535 1068 1568 Subdiaconatum
1094 1541 1124 1568 et
1147 1539 1354 1579 Diaconatum,
1383 1549 1434 1571 re-

820 1580 950 1619 quiritur
970 1585 1005 1612 ut
1032 1582 1094 1618 sint,
1119 1582 1225 1615 litteris
1248 1588 1279 1615 et
1306 1585 1343 1615 iis
1365 1594 1435 1625 quie

821 1623 860 1655 ad
881 1624 1024 1656 Ordinem
1044 1627 1243 1658 exercendum
1265 1629 1432 1669 pertinent,

820 1669 966 1700 instructi.
984 1685 1025 1692 —
1036 1670 1067 1700 4⁰
1079 1671 1135 1701 Pro
1148 1671 1299 1704 initiandis
1311 1672 1436 1705 demum

819 1712 858 1743 ad
867 1713 1085 1752 Sacerdotium,
1104 1716 1265 1756 requiritur
1279 1722 1313 1748 ut
1322 1718 1377 1759 ipsi
1394 1717 1435 1749 ad

818 1757 958 1798 populum
993 1758 1158 1790 docendum
1192 1768 1226 1791 ea
1259 1770 1329 1802 quae
1357 1763 1437 1794 seim

818 1803 956 1834 omnibus
970 1805 1167 1835 necessarium
1181 1809 1227 1836 est
1238 1805 1277 1836 ad
1291 1806 1431 1844 salutem.

818 1855 853 1877 ac
872 1846 911 1878 ad
932 1847 1125 1879 ministranda
1144 1849 1347 1890 Sacramenta,
1367 1851 1433 1882 dili-

818 1892 896 1931 genti
926 1893 1062 1922 examine
1095 1893 1303 1934 praecedente,
1335 1893 1433 1927 idonei

818 1935 1055 1976 comprobentur.
1070 1952 1111 1960 -
1123 1938 1192 1969 790.

859 1980 1013 2018 Quoeritur
1023 1981 1074 2012 lv
1087 1990 1126 2013 nn
1140 1982 1280 2014 illitterati
1293 1984 1353 2015 sint
1365 1992 1432 2015 om-

819 2025 888 2055 nino
906 2025 1085 2066 irregulares
1095 2027 1112 2057 7
1396 2036 1403 2044 ·

859 2071 892 2101 R.
903 2086 944 2094 —
955 2072 1029 2102 Nav.
1050 2071 1121 2103 dicit
1135 2073 1238 2104 inferri
1251 2082 1290 2105 ex
1306 2074 1432 2105 Rident.

818 2124 884 2147 esse
906 2116 1084 2156 irregulares
1097 2140 1104 2154 ,
1126 2119 1177 2158 qui
1206 2119 1334 2158 lingnam
1360 2118 1430 2149 lati-

199 2158 308 2234 ‘3¹:32³’
321 2161 470 2235 “pfii
483 2161 615 2234 ¹⁵⁰⁰?²⁵²’
637 2161 695 2193 '¹¹¹'
712 2171 766 2202 ⁵⁹⁶
788 2168 795 2210 ¹
818 2161 1434 2239 fflssttssffiffififfirissxzzffi‘ssae

199 2211 223 2278 ᾗ.
235 2214 278 2271 -ι-
291 2213 573 2289 ἕῗὲἲηπεηῗὲἱιῖω,
587 2254 638 2282 etc.
654 2266 695 2274 -
707 2250 766 2283 Sed
789 2211 795 2278 ἰ
819 2213 995 2288 irreguqlares
1006 2274 1014 2286 ,
1029 2250 1069 2279 ita
1090 2255 1122 2279 ut
1137 2259 1196 2280 non
1216 2255 1338 2291 peccent
1356 2252 1383 2282 si
1401 2252 1431 2282 in

199 2290 366 2334 ifisneyane
376 2293 496 2331 Sanck„
509 2298 562 2325 etc,
575 2294 767 2326 Probabiliter
818 2291 971 2323 ordinibus
992 2294 1137 2333 susceptis
1165 2294 1351 2333 ministrent3
1379 2295 1432 2326 sed

199 2344 252 2368 aen
269 2337 388 2369 videtur
411 2348 497 2379 posse
515 2339 646 2378 admitti,
661 2339 765 2371 saltem
819 2337 873 2368 hos
885 2346 943 2367 non
957 2346 1042 2388 posse
1061 2340 1126 2368 sino
1139 2339 1225 2389 culpa
1244 2340 1328 2380 gravi
1350 2339 1432 2370 ordi-

199 2380 322 2457 ..2⁰¹⁹ss
788 2416 794 2448 1
819 2383 1433 2467 ”mera-...mx

199 2435 361 2502 :anzi-awo
395 2435 459 2458 men
472 2435 499 2458 'a
522 2437 602 2468 prem
654 2436 674 2469 p
787 2449 793 2515 ξ
816 2471 895 2511 quod
905 2470 945 2501 illi
957 2471 1008 2511 qui
1020 2475 1089 2502 sunt
1099 2472 1173 2502 adeo
1184 2472 1332 2510 rudes,ut
1342 2454 1431 2514 igno-2

199 2513 347 2555 'lum-itm·
377 2516 411 2545 9·
438 2525 478 2547 an
504 2516 682 2558 Episcopus.
716 2516 763 2547 cui
786 2530 792 2554 ;
817 2519 884 2546 rent
892 2516 980 2546 etiam
995 2517 1090 2556 prima
1104 2516 1271 2590 rudimenx
1282 2526 1429 2558 gramma-
