1617 2892
650 134 685 155 m:
711 134 904 156 ttA't‘tilzloxto.

163 196 309 227 conditionis
332 202 384 227 aut
409 199 501 228 statu<
527 201 602 229 intr-r
628 203 750 228 contra-

161 238 244 271 hentes
256 243 351 271 irritet
364 244 509 281 sponsalia
524 247 672 274 contracta
683 244 698 273 ‘I

192 285 398 316 R.—Cortum
419 290 465 316 cst.
484 286 561 326 quod
585 287 610 318 si
632 292 750 318 contra-

160 325 242 359 hente·
248 334 379 369 tempore
387 330 566 370 sponsalium
577 340 634 362 non
643 333 752 362 suerint

159 369 319 412 disparitatis
341 374 450 404 conscii
475 398 483 413 ‚
510 376 655 415 sponsalia
682 380 751 406 sunt

158 415 222 446 ntia
241 440 250 454 ,
277 417 438 448 dummodo
471 419 632 458 ignorantia
663 420 752 450 suerit

158 461 335 500 meceden33
361 462 456 493 valida
481 468 597 501 tamen,
618 465 643 495 si
663 465 751 495 sut-rit

158 506 344 536 mummitans.
377 506 410 537 Si
443 511 515 538 vero
546 508 750 539 contrahentes

159 551 271 590 tempore
290 550 469 590 sponsalium
486 551 665 592 disparitatis
684 553 748 583 fue-

156 593 204 624 rint
222 595 353 631 conscii,
376 596 568 626 communiter
590 597 649 626 DD.
675 597 749 627 infra

156 637 246 668 oiundi
256 638 359 669 dicunt
369 640 461 670 teneri
471 640 508 669 ad
519 641 731 671 Matrimonium
741 666 748 678 ,

157 682 200 713 nisi
209 705 217 719 ,
228 683 380 723 excipiunt
395 706 401 714 .
415 693 453 714 ex
471 683 518 713 illo
531 685 642 714 eveniat
658 684 750 714 ‹lede—

155 730 252 757 eunuc
263 726 434 757 scandalum
452 729 704 769 propinquorum,
720 729 750 759 in

156 768 199 800 hoe
209 770 373 802 indistincto
390 772 550 812 loqur-ntes.

185 814 237 846 Sed
261 816 309 846 hic
331 817 495 847 necessario
512 817 748 858 distinguendum

157 856 267 891 dedecus
287 861 305 890 a
326 860 470 892 scandalo.
492 862 585 898 Nam,
604 863 628 892 si
649 862 750 891 Matri-

158 904 270 935 monium
283 913 341 934 non
355 908 453 944 posset
465 905 596 935 contrahi
615 906 670 935 nisi
681 914 748 935 cum

157 945 281 979 dedecoro
305 949 423 979 tamilioe
440 973 449 987 ‚
475 958 531 979 non
553 949 747 980 dubitandum

157 991 214 1030 quin
233 993 332 1033 sponsi
355 1001 413 1024 non
434 997 588 1024 teneantur
602 994 747 1024 Matrimo-

158 1035 223 1066 nium
244 1037 426 1068 contrahere.
451 1037 534 1068 Ratio
552 1061 560 1076 ,
582 1038 650 1078 quia
673 1047 748 1078 pro-

159 1079 239 1110 missio
248 1084 318 1111 tunc
331 1085 376 1111 est
395 1081 474 1112 nulla
487 1105 495 1119 ,
512 1083 580 1112 cum
601 1082 640 1112 sit
659 1081 696 1112 do
715 1091 748 1112 re

159 1124 266 1162 mviter
284 1124 382 1155 illicita
395 1148 402 1162 ,
429 1127 529 1165 utpote
547 1134 616 1165 quaa
633 1125 747 1165 impleri

159 1175 204 1198 mu
219 1173 313 1210 potest
334 1170 391 1200 nisi
412 1178 480 1199 cuin
504 1178 610 1210 magno
630 1170 746 1200 saniiliae

157 1209 320 1245 detrimento.
353 1214 396 1244 lta
418 1214 608 1245 communiter
630 1215 745 1254 haym„

156 1257 243 1288 etant
260 1257 420 1288 notandum
443 1257 522 1297 quod
545 1266 602 1288 non
622 1259 746 1289 sussiciat

155 1300 357 1343 qualiscumque
396 1302 553 1343 disparitas
588 1302 628 1334 ad
669 1303 744 1333 libe-

154 1346 262 1378 randum
282 1357 423 1389 sponsum
444 1349 461 1378 a
481 1348 660 1378 matrimonio
670 1357 744 1389 pro-

152 1390 225 1423 misso
235 1392 306 1430 ,sed
323 1394 494 1433 requiratur
506 1392 641 1424 notabilis
652 1417 659 1429 ,
675 1394 743 1432 puta

150 1434 169 1466 ri
191 1437 234 1468 vir
268 1436 375 1468 nobilis
405 1437 626 1478 desponsaverit
656 1436 743 1467 filiam

148 1480 254 1512 artificis
277 1481 450 1512 mechanici.
478 1481 551 1512 vide
586 1483 679 1512 Tract.
710 1481 745 1512 de

145 1523 271 1564 Iustitia,
285 1534 314 1556 n.
337 1526 405 1555 6⁴3.
435 1541 476 1548 -
495 1525 527 1556 Si
551 1529 648 1556 autem
669 1534 743 1565 aga-

144 1570 185 1600 ur
205 1568 243 1600 de
262 1569 401 1601 scandalo
420 1569 538 1600 vitando
550 1594 557 1608 ,
579 1570 609 1600 id
629 1575 693 1608 est,
718 1571 742 1600 si

141 1612 345 1644 &trimouium
384 1622 442 1644 non
483 1615 574 1654 possit.
611 1614 741 1644 contrahi

139 1657 200 1698 quin
222 1657 415 1698 probabiliter
443 1658 583 1689 timentur
607 1658 714 1689 damna
735 1682 742 1695 ‚

135 1706 182 1733 tut
201 1701 267 1733 odia
287 1703 520 1743 propinquorum
540 1708 660 1744 proptor
678 1703 742 1734 dis—

133 1746 287 1786 paritatem
310 1748 424 1778 ratione
442 1748 611 1778 divitiarum
626 1772 634 1786 ‚
650 1748 741 1778 fateor

131 1790 250 1831 quidem
267 1792 343 1822 banc
356 1801 421 1823 esse
433 1801 614 1824 communem
625 1797 742 1823 senten-

131 1835 200 1866 tiam
219 1857 231 1872 ,
256 1840 286 1866 et
309 1845 363 1877 per
386 1846 419 1868 se
448 1836 592 1877 loquendo
617 1846 717 1867 verani
732 1860 739 1874 ,

128 1879 208 1921 quod
232 1879 312 1911 filius
337 1889 395 1911 non
421 1885 518 1921 potest
542 1882 572 1912 in
598 1881 646 1911 illo
670 1890 740 1911 casu

127 1923 344 1956 latr-imonium
363 1925 555 1964 contrahere,
569 1926 593 1956 si
609 1935 740 1956 comnio-

124 1966 164 2000 de
182 1972 280 2009 potest
296 1969 464 2009 hujusmodi
478 1969 615 2000 scandala
628 1971 720 2000 vitare
730 1993 738 2005 .

125 2011 201 2044 alies
208 2017 345 2054 peccaret
357 2014 487 2054 graviter
499 2017 600 2044 contra
610 2014 740 2044 charita-

123 2060 199 2089 ίοω.
211 2056 272 2088 Sed
282 2058 309 2089 si
327 2066 386 2089 non
402 2062 498 2098 potest
514 2059 577 2089 sine
597 2058 678 2097 gravi
692 2058 739 2087 in-

120 2100 297 2140 commodo,
322 2101 469 2142 quomodo
495 2102 571 2133 filius
592 2101 738 2132 tenebitur

119 2143 182 2177 ab
202 2144 335 2183 mortali,
355 2154 393 2176 ne
411 2150 549 2186 parentes
568 2146 736 2177 scandalum

118 2189 274 2231 patiuntur
288 2213 297 2230 ,
325 2191 343 2220 a
367 2191 549 2220 matrimonio
573 2190 737 2222 desi-teratu

1351 126 1416 157 ⁴315

803 209 872 230 cum
883 201 963 239 gravi
975 198 1176 229 incomnioilo‘?
1185 200 1318 228 Forte-ne
1329 206 1417 237 spon-

804 253 856 274 sus
878 253 935 274 non
958 244 1075 273 videtur
1091 252 1181 281 grave
1201 243 1416 277 incouunotluui

804 287 959 318 subiturus
968 311 975 324 ‚
993 288 1018 317 si
1032 288 1167 317 omittere
1181 290 1302 322 cogatur
1315 287 1416 326 ltlatri-

805 333 935 362 monium
957 340 1024 362 cum
1045 330 1161 371 puella,
1176 332 1302 369 quocum
1323 329 1418 360 credit

804 376 933 415 quietam
944 384 976 406 se
989 374 1148 405 ducturum
1162 375 1251 404 vitain
1260 398 1267 412 ,
1277 374 1317 404 ob
1327 371 1417 404 relie-

802 424 930 449 mentem
954 420 1063 448 amoris
1087 419 1251 458 passionem
1270 442 1278 455 ,
1302 418 1361 458 qua
1385 427 1417 450 sc

804 464 891 493 sentit
902 462 1038 493 affectum
1052 464 1122 501 erga
1137 462 1216 492 illam
1232 461 1271 502 (a)
1282 461 1298 492 ἳ

845 507 1030 547 Quapropter
1049 507 1152 537 melius
1169 507 1326 537 dicendum
1345 505 1417 537 milii

803 555 834 581 et
846 551 910 581 aliis
922 551 1016 582 doctis
1029 552 1197 590 iunioribus
1216 551 1332 582 videtur
1346 559 1417 582 tunc

803 595 877 625 filios
892 596 983 626 teneri
1003 596 1061 626 sub
1083 596 1199 626 mortali
1218 596 1338 627 obedire
1360 605 1416 637 pa·

803 639 955 674 rentibus,
979 639 1018 669 ab
1045 640 1211 678 huJusmodi
1234 641 1416 672 Matrimonia

802 682 976 713 abstinendo
988 706 994 717 ,
1006 684 1123 722 quando
1134 689 1257 723 possunt
1269 685 1333 715 sine
1343 693 1415 724 gra-

803 727 830 756 vi
844 736 898 757 suo
917 727 1108 757 incommodo.
1121 729 1213 758 'l'anto
1230 729 1322 768 magis
1335 729 1415 768 qued

803 770 968 810 hujusmodi
987 772 1123 802 scandala
1140 796 1147 810 ,
1170 773 1307 811 quamvis
1328 775 1415 804 antea

798 816 946 854 jactentur
960 839 968 854 ,
993 817 1063 847 inito
1088 821 1186 846 tamen
1209 817 1411 856 Matrimonio,

801 859 884 889 facile
897 864 1094 896 evanescunt,
1108 865 1139 891 et
1150 861 1241 891 animi
1253 861 1413 892 concilian-

801 908 860 933 tur.
884 903 1030 933 Caeterum
1049 927 1057 941 ‚
1082 907 1150 934 cuni
1172 905 1226 935 hoc
1247 906 1286 936 sit
1310 908 1412 936 contra

800 956 978 978 communem
1000 971 1008 985 ,
1044 951 1200 988 propterea
1231 949 1413 989 sapientibus

800 991 1016 1022 discutiendum
1050 992 1194 1032 relinquo.
1224 993 1335 1024 Verum
1367 1000 1412 1025 est

799 1035 877 1076 quod
902 1036 1056 1076 promissio
1076 1037 1196 1076 prodiga
1221 1046 1290 1076 qum
1314 1040 1412 1070 evenit

798 1080 917 1120 quando
938 1081 1022 1111 adest
1041 1081 1177 1112 notabilis
1200 1081 1359 1122 disparitas
1379 1084 1410 1114 in

797 1124 926 1163 divitiis,
946 1125 986 1155 sit
1006 1134 1060 1166 per
1075 1134 1108 1156 se
1125 1125 1223 1155 illicita
1235 1149 1243 1164 ‚
1255 1130 1286 1156 et
1305 1135 1410 1157 conso-

797 1173 921 1208 qucntcr
942 1178 1066 1209 sponsus
1091 1170 1211 1209 prodige
1236 1170 1410 1210 promittens

797 1213 1012 1243 Matrimonium
1046 1223 1103 1244 non
1136 1214 1284 1244 tenebitur
1309 1215 1410 1254 utique

796 1257 835 1288 ud
855 1257 953 1294 illam;
968 1262 998 1288 et
1020 1267 1077 1288 non
1104 1259 1197 1289 refert
1222 1258 1302 1298 quod
1322 1260 1408 1299 culpa

797 1301 1007 1343 prodigalitatis
1041 1311 1098 1332 non
1134 1303 1259 1333 excedat
1297 1304 1409 1335 veniale

796 1352 968 1388 peccatum3
991 1348 1058 1387 quia
1085 1348 1239 1387 promissio
1262 1348 1305 1379 rei
1328 1357 1408 1388 qua—

797 1391 988 1431 litercumque
1008 1391 1093 1420 malae
1106 1414 1113 1425 ,
1134 1391 1232 1421 adhuc
1246 1392 1406 1432 venialiter,

796 1437 865 1477 puta
880 1434 1052 1469 mentiendi,
1064 1438 1130 1467 etc„
1140 1443 1196 1465 nec
1208 1435 1297 1466 etiam
1312 1440 1407 1476 potest

796 1481 883 1511 ullam
901 1489 1005 1521 parere
1018 1479 1240 1519 obligationem,
1258 1481 1314 1511 boc
1334 1489 1407 1513 oer.

796 1532 857 1557 tuin
872 1530 917 1556 est

835 1570 907 1600 {linc
929 1580 983 1610 pro
1002 1573 1187 1603 conclusione
1203 1573 1291 1612 hujus
1305 1573 1404 1613 puncti

795 1614 866 1644 mihi
905 1615 1021 1645 videtur
1061 1617 1184 1648 dicenda
1224 1619 1375 1657 sequentia
1397 1627 1404 1647 :

795 1660 826 1689 Ρ
842 1660 988 1700 Sponsum
1005 1662 1056 1700 qui
1074 1662 1220 1692 antecellit
1238 1662 1362 1700 divitiis,
1374 1662 1405 1692 iu

793 1713 863 1735 casu
887 1706 1034 1745 proposito
1056 1715 1114 1736 non
1139 1707 1233 1736 teneri
1252 1706 1290 1737 ad
1303 1707 1403 1737 Hatri-

794 1749 923 1779 inanium
937 1773 946 1788 ,
961 1758 1015 1779 nec
1037 1758 1096 1780 non
1119 1749 1269 1781 venialiter
1283 1759 1404 1790 peccaro

795 1794 905 1824 ratione
932 1793 1163 1834 prodigalitatis,
1187 1795 1212 1825 si
1235 1793 1307 1823 illud
1331 1803 1404 1824 con-

793 1837 900 1868 trabat.
922 1853 961 1861 —
983 1838 1015 1868 2⁰
1037 1839 1095 1868 lloc
1119 1837 1277 1878 procedere
1300 1838 1404 1869 stando

791 1883 821 1912 in
836 1882 968 1912 torminis
988 1891 1067 1911 verae
1089 1882 1300 1921 prodigalitatis
1320 1891 1326 1911 :
1349 1891 1403 1911 ve-

793 1931 958 1957 rumtamen
971 1950 978 1963 ,
995 1928 1061 1956 cum
1084 1925 1169 1965 culpa
1193 1925 1404 1965 prodigalitatis

793 1980 850 2001 non
871 1972 910 2000 sit
934 1969 999 2009 plus
1018 1970 1105 2008 quam
1129 1970 1250 2000 venialis
1262 1993 1270 2008 ,
1289 1971 1402 2010 quaevis

792 2014 946 2045 mediocris
957 2015 1033 2052 justa
1048 2022 1136 2043 causa
1146 2014 1250 2044 vitium
1264 2014 1404 2054 prodiga—

792 2060 880 2090 litatis
892 2060 1009 2088 aut'erro
1025 2062 1127 2097 potest.
1143 2058 1217 2088 llinc
1230 2060 1302 2089 satis
1309 2068 1402 2090 excu-

790 2105 905 2135 sabitur
930 2111 1056 2143 sponsus
1089 2104 1228 2132 feminam
1251 2102 1402 2142 disparem

824 2204 863 2237 (a)
881 2204 928 2230 mni
941 2213 969 2230 ex
986 2205 1028 2230 illo
1045 2205 1197 2230 matrimonio
1214 2205 1328 2231 oriturum
1340 2208 1402 2232 end

116 2231 274 2266 mre
285 2256 296 2274 ‚
314 2235 384 2264 cnm
403 2233 532 2265 ehat'loes
551 2244 609 2265 non
630 2235 737 2275 obliget
760 2246 767 2276 ι
787 2242 872 2265 mulum
882 2248 1008 2265 continuae
1022 2241 1067 2264 toti
1077 2241 1180 2271 regioni.
1192 2254 1226 2261 -
1237 2242 1265 2266 B.
1277 2249 1304 2266 n.
1315 2241 1357 2266 to.

1202 2280 1241 2311 42
