1617 2892
597 394 636 417 ΒΕ
658 394 854 420 numenio.

1296 386 1361 420 655

205 458 698 501 nto.nicitur,0rdinaroeloquendo;
750 469 808 493 usu
831 461 957 501 coniugii
969 483 978 499 ,
998 460 1079 502 quod
1099 462 1151 493 vix
1170 461 1280 502 poterit
1296 468 1361 492 oeee

205 504 264 534 iter
286 503 444 536 dicendum
463 505 489 536 si
509 514 548 536 ex
568 505 699 535 circum-

213 547 299 578 eliter
308 548 489 579 censendum
505 551 597 586 esset,
612 549 697 588 pute,

205 600 233 622 xx
248 591 296 622 ille
318 591 357 622 sit
374 592 404 622 iu
427 592 551 623 articulo
574 592 695 630 mortis,

205 635 291 667 toleat
303 636 453 676 pejerare,
466 636 512 666 vel
525 637 549 667 si
563 636 602 667 sit
621 644 696 676 per-

205 688 220 710 e
234 684 266 710 et
286 678 372 710 vellet
391 680 523 720 separari
534 704 542 718 ,
556 684 608 710 aut
619 679 696 710 Reli-

210 723 326 763 ingredi
336 747 345 762 ‚
359 727 427 761 ete,
447 728 517 754 tunc
529 725 608 754 enim
621 723 695 754 alter

205 767 347 800 sufficiens
369 769 512 799 motivum
534 768 695 809 prudenter

205 811 244 843 di.
266 811 309 842 lta
331 813 419 850 Bon„
439 812 560 852 Sancta„
580 816 631 844 etc.
654 829 695 836 —

205 856 245 887 iis
267 855 349 886 audit
368 858 386 886 a
406 857 540 897 personis
558 865 616 888 non
636 857 695 888 fide

212 899 259 930 vel
278 909 318 931 ex
338 900 414 930 fama
434 902 453 930 a
476 901 555 931 nullo
575 904 694 931 auctore

205 944 277 974 :orta
288 968 296 982 ,
316 943 419 975 adesse
432 944 674 985 impedimentum
686 967 693 980 ,

205 991 267 1019 »test
278 988 494 1019 Matrimonium
507 989 693 1024 contrahere,

205 1035 406 1063 tcontractum
415 1032 540 1064 reddere
550 1036 580 1063 et
593 1036 694 1073 petere

205 1085 232 1113 ι,
245 1077 315 1117 quia
334 1076 400 1108 talis
413 1077 504 1115 fama,
519 1081 571 1108 aut
583 1077 695 1108 dictum

205 1122 286 1152 betur
305 1125 339 1152 ut
360 1122 435 1152 ratio
455 1121 586 1162 prudens
605 1121 695 1152 dubi-

205 1165 301 1204 hnch.‚
311 1165 412 1204 Salm.‚
427 1170 479 1197 etc.
489 1182 530 1189 -
543 1166 575 1196 3⁰
584 1165 694 1196 dictum

205 1210 263 1241 stis
272 1209 330 1240 fide
339 1209 419 1250 digni
428 1209 467 1240 de
477 1209 693 1250 impedimento,

205 1254 233 1284 aa
253 1252 370 1294 publica
394 1262 433 1284 ex
453 1258 534 1284 certo
555 1258 693 1292 auctore,

205 1301 236 1329 ut
248 1298 315 1338 quis
332 1301 467 1329 teneatur
480 1298 633 1329 veritatem
646 1298 695 1328 iu-

211 1366 218 1380 ,
239 1346 270 1372 et
290 1342 407 1373 interim
429 1342 578 1374 abstinere
597 1344 615 1373 a
640 1352 695 1383 pe-

205 1386 315 1426 lebito;
337 1388 407 1427 quia
429 1389 497 1417 cum
521 1387 587 1418 talis
607 1388 694 1427 igno-

205 1435 270 1462 tunc
296 1432 335 1463 sit
358 1431 520 1470 vincibilis,
546 1432 577 1463 in
603 1432 693 1463 dubio

205 1480 249 1507 est
262 1478 387 1517 operari.
401 1477 465 1507 Non
475 1476 583 1507 sufficit
596 1482 693 1507 tamen

207 1524 220 1550 t
246 1524 380 1551 teneatur
405 1520 538 1551 debitum
567 1530 691 1561 negare,

205 1566 230 1595 et
243 1565 348 1605 possit,
365 1573 451 1596 nemo
465 1569 564 1596 tamen
578 1569 693 1596 tenetur

228 1610 280 1639 uni
308 1609 373 1640 testi
388 1633 396 1647 ,
419 1610 608 1650 quantumvis
636 1609 694 1640 {ide

208 1654 260 1693 qui
278 1662 337 1683 non
357 1652 469 1683 inducit
491 1654 691 1684 necessitatem

205 1698 228 1737 li,
241 1698 404 1728 maximeiu
415 1698 461 1729 sui
473 1697 691 1738 praejudicium:

205 1746 269 1773 ‚tem
302 1741 465 1773 adhibitam
489 1741 668 1781 diligentiam
682 1766 691 1781 ,

205 1791 264 1817 test
277 1786 401 1817 reddere
411 1790 442 1817 et
451 1790 561 1826 petere.
571 1802 611 1808 ——
623 1786 691 1816 908.

205 1831 276 1862 mr
289 1831 321 1861 9⁰
333 1839 372 1862 an
392 1830 477 1861 liceat
493 1835 593 1871 petere
605 1830 693 1861 debi-

205 1885 221 1907 ιι
235 1876 365 1916 periculo
379 1875 534 1906 sanitatis?

205 1937 214 1944 ·
234 1921 290 1951 Per
310 1929 343 1951 se
362 1919 509 1960 loquendo
530 1929 588 1951 non
609 1920 690 1957 licet,

205 1973 254 1996 mo
267 1965 306 1996 sit
324 1964 462 1995 dominus
481 1973 544 1995 suae
558 1965 627 1995 vitae
641 1967 693 1994 eut

209 2013 339 2040 ettamen
345 2008 537 2048 probabiliter
546 2010 626 2043 Bas..
639 2011 690 2038 etc.

205 2053 279 2094 qued
295 2054 321 2085 si
341 2053 464 2084 morbus
484 2057 561 2084 esset
573 2052 692 2082 diutur-

205 2106 249 2128 ion
271 2099 405 2139 proxime
425 2096 549 2127 tendens
562 2096 599 2126 ad
614 2104 692 2126 mor-

205 2144 277 2182 =mpe
290 2142 368 2182 qued
382 2150 440 2172 non
455 2141 546 2172 soleat
558 2140 595 2170 de
610 2140 691 2170 brevi

211 2190 336 2216 mortem
351 2186 475 2223 inferre,
491 2189 524 2215 ut
537 2189 613 2215 esset
622 2192 692 2224 pes-

227 2230 307 2271 lepra
323 2230 435 2261 leonina
445 2253 454 2266 ,
472 2230 531 2270 qud
545 2230 693 2260 frustatim

205 2284 213 2304 ι
227 2274 385 2314 decidunt,
408 2279 478 2305 tunc
491 2283 550 2304 non
563 2274 620 2304 erit
637 2273 694 2304 illi-

205 2327 266 2350 ωηο
290 2323 410 2360 petere,
443 2320 468 2350 si
494 2318 590 2349 aderit
612 2319 692 2358 justa

205 2364 337 2395 mimirum
350 2364 464 2395 fovendi
475 2372 606 2394 amorem
620 2372 693 2394 con-

214 2433 223 2447 ,
245 2412 299 2440 eut
316 2408 429 2440 vitandi
454 2409 693 2440 incontinentiam

205 2453 227 2484 el
246 2454 280 2484 in
298 2453 411 2492 altero,
431 2454 500 2494 quia
520 2454 593 2485 alias
615 2457 693 2484 esset

205 2504 343 2530 mosum
366 2496 470 2530 tandiu
485 2497 634 2530 abstinere
653 2497 693 2529 ab

749 505 813 535 sine
822 504 953 544 periculo
962 504 1190 535 incontinentiae.
1199 519 1240 527 -
1248 503 1363 534 Adver-

750 547 873 578 tendum
899 552 998 579 tamen
1024 546 1104 588 quod
1129 547 1239 587 conjux
1266 547 1362 578 infec-

750 595 798 623 tus
812 591 915 623 morbo
934 591 1055 632 gallico,
1073 595 1126 622 aut
1147 590 1235 623 simili
1253 594 1361 622 conta-

747 636 847 675 gioso,
868 644 927 667 non
949 636 1058 676 poterit
1082 639 1184 676 petere
1204 635 1245 666 ab
1267 634 1360 665 altero

748 680 856 719 inscio,
881 680 938 711 nisi
961 680 1064 710 vitium
1088 688 1175 711 suum
1198 678 1238 709 illi
1262 679 1359 709 mani-

748 723 853 759 festet,
874 727 905 754 et
924 722 1137 754 manifestando
1161 723 1254 763 possit
1286 722 1361 753 alter

747 767 886 799 remediis
906 776 1063 798 occurrere
1084 766 1205 805 morbo;
1219 768 1291 806 ime,
1305 775 1360 798 nec

746 812 836 842 etiam
856 812 964 852 poterit
988 811 1131 850 reddere,
1154 811 1211 842 nisi
1235 811 1359 842 certiore

747 855 824 886 facto
846 864 926 887 sano.
953 855 1046 895 Hinc,
1071 855 1147 886 bene
1172 856 1215 886 ait
1240 855 1358 886 vossius

746 898 825 939 quod
844 899 1001 940 dupliciter
1025 903 1180 940 peccaret,
1203 900 1255 940 qui
1274 898 1357 930 labo-

747 952 818 975 rans
829 944 932 975 morbo
941 943 1044 984 gallico
1053 944 1272 975 fornicationem
1282 952 1358 974 com·

746 988 894 1028 mitteret;
914 993 946 1019 et
967 989 1088 1029 insuper
1109 992 1260 1019 teneretur
1275 995 1357 1018 com·-

746 1040 871 1072 pensare
883 1041 1028 1074 expensas
1040 1042 1096 1073 pro
1108 1032 1260 1063 curatione
1269 1041 1277 1063 z
1284 1041 1357 1072 pro-

746 1074 882 1108 habiliter
898 1081 998 1108 temen
1011 1077 1051 1108 ab
1061 1077 1116 1108 bat>
1124 1077 1359 1118 compensatione

745 1123 868 1151 excusat
880 1121 1020 1159 feminae,
1040 1121 1097 1152 nisi
1116 1121 1191 1162 ipsse
1209 1122 1357 1161 requisito

746 1164 948 1195 fraudulenter
961 1173 1049 1196 suum
1066 1165 1204 1196 morbum
1218 1166 1355 1203 tegerent.

745 1224 787 1231 —
804 1209 866 1239 Non
880 1212 976 1249 potest
995 1209 1083 1249 igitur
1103 1209 1211 1246 conjux
1230 1207 1355 1237 infectus

747 1257 818 1283 tunc
838 1253 981 1292 reddere,
1010 1253 1067 1284 nisi
1097 1250 1234 1283 morbum
1256 1251 1355 1282 mani-

746 1298 841 1329 festet.
864 1298 1011 1329 Caeterum
1035 1299 1104 1328 vere
1119 1319 1127 1334 ,
1153 1303 1213 1326 non
1239 1299 1354 1326 tenetur

746 1343 952 1381 manifestare,
975 1342 1044 1382 quia
1065 1347 1123 1370 non
1146 1341 1263 1369 tenetur
1286 1347 1353 1370 cum

746 1390 827 1418 tanto
839 1386 1015 1418 detrimento
1024 1393 1089 1416 eum
1104 1384 1192 1414 tamae
1205 1382 1352 1423 coujugale

744 1431 877 1462 debitum
895 1435 1054 1472 praestare3
1076 1428 1107 1459 in
1120 1426 1257 1458 omnibus
1277 1427 1354 1458 enim

744 1475 943 1506 contractibus
968 1472 1173 1513 gravissimum
1192 1471 1355 1502 incommo-

745 1519 817 1550 dum
844 1519 875 1550 in
898 1518 1038 1550 solutione
1067 1519 1189 1547 excusat
1214 1517 1232 1546 a
1256 1515 1356 1546 debito

745 1563 895 1595 reddendo
908 1588 915 1601 ,
943 1562 1028 1602 juxte
1056 1558 1179 1591 dicenda
1208 1558 1242 1590 in
1268 1558 1356 1591 simili

744 1617 815 1640 casu
835 1617 864 1639 n.
886 1606 957 1637 944.
969 1621 1010 1628 —
1023 1605 1092 1636 909.

785 1651 938 1691 Quaeritur
959 1649 1010 1680 ⁴0⁰
1028 1648 1167 1679 aulierat
1178 1651 1280 1688 petere
1299 1646 1353 1679 de·

744 1696 838 1728 bitum
850 1697 950 1726 statim
961 1695 981 1724 ὲ
997 1692 1125 1732 balneis,
1140 1693 1187 1724 vel
1198 1695 1217 1722 a
1228 1692 1350 1724 seatium

746 1750 828 1773 veuae
839 1740 855 1772 ⁴?

782 1787 816 1817 Β.
838 1801 879 1809 —
897 1785 1034 1826 Negatio&
1045 1794 1057 1822 ‚·
1083 1793 1152 1816 nam
1166 1808 1175 1823 ‚
1197 1786 1233 1815 ut
1253 1781 1349 1814 dicutt

743 1829 846 1861 Sanch.
859 1852 867 1866 ,
890 1833 941 1860 etc.
969 1829 1063 1860 coitus
1085 1838 1120 1859 eo
1150 1831 1282 1868 tempore
1310 1830 1349 1858 est

744 1874 910 1906 notabiliter
929 1872 1118 1914 periculosus.
1146 1872 1228 1903 Idem
1254 1871 1350 1902 dicunt

744 1920 831 1956 Bon„
850 1922 903 1949 etc.
912 1941 921 1955 ,
933 1917 972 1948 de
986 1916 1138 1948 laborante
1150 1916 1237 1948 febri.
1246 1932 1286 1939 -—
1298 1914 1349 1947 sod

744 1964 812 1995 licet
836 1967 937 2005 petere
960 1961 999 1993 eb
1022 1971 1113 1993 uxore
1143 1971 1213 2002 quae
1243 1960 1350 1991 labent

744 2009 864 2040 seminis
887 2007 987 2046 fluxu,
1003 2016 1057 2039 seu
1075 2005 1267 2048 gonorrhaea,
1289 2007 1348 2036 cim

744 2052 911 2093 hujusmodi
941 2052 1041 2083 fluxus
1075 2051 1167 2083 soleat
1201 2059 1265 2082 esse
1296 2050 1350 2080 scre

744 2102 923 2139 perpetuns;
945 2096 1024 2127 unde
1038 2104 1127 2136 grave
1141 2093 1349 2126 incommodum

744 2146 823 2174 esset
842 2141 1014 2180 conjugibus
1033 2139 1134 2170 tandiu
1150 2139 1299 2169 abstinere
1308 2135 1348 2167 ab

745 2196 800 2219 usu
814 2184 1001 2217 matrimonii.
1012 2183 1112 2221 Senos,
1124 2184 1149 2214 si
1159 2184 1199 2214 sit
1210 2181 1350 2212 maletcus

745 2235 775 2262 et
797 2239 856 2260 non
876 2228 953 2260 adsit
975 2229 1007 2258 in
1027 2227 1170 2258 alterutro
1189 2226 1350 2267 proxinum

745 2273 908 2315 periculum
929 2272 1154 2303 incontinentiae.
1166 2287 1203 2295 -
1218 2271 1283 2302 9⁴0.

785 2317 939 2356 Qum-itur
958 2317 1009 2347 w
1027 2324 1065 2346 an
1080 2315 1165 2346 liceat
1184 2315 1283 2346 marito
1295 2312 1350 2345 de·

747 2363 847 2395 lectari
861 2362 899 2393 de
919 2360 1024 2402 copula
1044 2361 1138 2392 aliena
1157 2360 1293 2401 cogitati.
1318 2363 1352 2389 ut

746 2417 779 2440 se
791 2407 900 2439 excitet
917 2405 957 2437 ad
968 2406 1077 2437 coitum
1091 2415 1159 2436 cum
1174 2403 1287 2436 uxore?

786 2455 819 2485 lt.
831 2469 874 2477 —
885 2452 931 2483 Ex
946 2451 1006 2483 una
1020 2455 1104 2492 perte
1116 2450 1234 2482 videtur
1245 2456 1352 2489 neqeu-

744 2498 832 2538 dum,
851 2499 920 2530 eum
939 2496 1086 2537 obJeetum
1097 2494 1137 2527 de
1154 2503 1215 2537 quo
1227 2493 1352 2527 &lecta-
