<?xml version="1.0" encoding="UTF-8"?>
<!DOCTYPE html PUBLIC "-//W3C//DTD XHTML 1.0 Transitional//EN"
    "http://www.w3.org/TR/xhtml1/DTD/xhtml1-transitional.dtd">
<html xmlns="http://www.w3.org/1999/xhtml" xml:lang="en" lang="en">
 <head>
  <title>
</title>
<meta http-equiv="Content-Type" content="text/html;charset=utf-8" />
  <meta name='ocr-system' content='tesseract 3.04.00' />
  <meta name='ocr-capabilities' content='ocr_page ocr_carea ocr_par ocr_line ocrx_word'/>
</head>
<body>
  <div class='ocr_page' id='page_1' title='image "./compendiumtheol00ligugoog_0765.png"; bbox 0 0 1617 2892; ppageno 0'>
   <div class='ocr_carea' id='block_1_1' title="bbox 584 124 1417 157">
    <p class='ocr_par' dir='ltr' id='par_1_1' title="bbox 584 124 1417 157">
     <span class='ocr_line' id='line_1_1' title="bbox 584 124 1417 157; baseline -0.004 -2"><span class='ocrx_word' id='word_1_1' title='bbox 584 134 620 155; x_wconf 78' lang='lat' dir='ltr'><strong>nn</strong></span> <span class='ocrx_word' id='word_1_2' title='bbox 643 131 962 154; x_wconf 24' lang='lat' dir='ltr'><strong>innncritmirs‘rmcs,</strong></span> <span class='ocrx_word' id='word_1_3' title='bbox 1354 124 1417 157; x_wconf 55' lang='lat'><strong>7:75</strong></span> 
     </span>
    </p>
   </div>
   <div class='ocr_carea' id='block_1_2' title="bbox 86 193 753 500">
    <p class='ocr_par' dir='ltr' id='par_1_2' title="bbox 147 193 752 368">
     <span class='ocr_line' id='line_1_2' title="bbox 147 193 749 237; baseline -0.002 -14"><span class='ocrx_word' id='word_1_4' title='bbox 147 195 259 226; x_wconf 75' lang='lat' dir='ltr'><strong>sortibus</strong></span> <span class='ocrx_word' id='word_1_5' title='bbox 273 199 402 237; x_wconf 54' lang='lat' dir='ltr'><strong>oar-pavie</strong></span> <span class='ocrx_word' id='word_1_6' title='bbox 418 195 604 236; x_wconf 65' lang='lat' dir='ltr'><strong>superveniat</strong></span> <span class='ocrx_word' id='word_1_7' title='bbox 624 193 749 224; x_wconf 81' lang='lat' dir='ltr'><strong>Ordini-</strong></span> 
     </span>
     <span class='ocr_line' id='line_1_3' title="bbox 147 238 750 281; baseline -0.002 -13"><span class='ocrx_word' id='word_1_8' title='bbox 147 238 194 270; x_wconf 85' lang='lat' dir='ltr'><strong>bus</strong></span> <span class='ocrx_word' id='word_1_9' title='bbox 204 251 261 279; x_wconf 74' lang='lat' dir='ltr'><strong>Jum</strong></span> <span class='ocrx_word' id='word_1_10' title='bbox 276 244 435 281; x_wconf 67' lang='lat' dir='ltr'><strong>susceptis,</strong></span> <span class='ocrx_word' id='word_1_11' title='bbox 452 241 594 271; x_wconf 74' lang='lat' dir='ltr'><strong>Sacerdos</strong></span> <span class='ocrx_word' id='word_1_12' title='bbox 613 248 670 269; x_wconf 87' lang='lat' dir='ltr'><strong>non</strong></span> <span class='ocrx_word' id='word_1_13' title='bbox 689 240 750 268; x_wconf 86' lang='lat' dir='ltr'><strong>im-</strong></span> 
     </span>
     <span class='ocr_line' id='line_1_4' title="bbox 147 283 752 322; baseline -0.005 -7"><span class='ocrx_word' id='word_1_14' title='bbox 147 283 253 322; x_wconf 74' lang='lat' dir='ltr'><strong>peditur</strong></span> <span class='ocrx_word' id='word_1_15' title='bbox 265 286 306 316; x_wconf 87' lang='lat' dir='ltr'><strong>ab</strong></span> <span class='ocrx_word' id='word_1_16' title='bbox 323 286 440 316; x_wconf 83' lang='lat' dir='ltr'><strong>actibus</strong></span> <span class='ocrx_word' id='word_1_17' title='bbox 453 285 531 315; x_wconf 83' lang='lat' dir='ltr'><strong>illius</strong></span> <span class='ocrx_word' id='word_1_18' title='bbox 542 284 663 315; x_wconf 76' lang='lat' dir='ltr'>Ordinis</span> <span class='ocrx_word' id='word_1_19' title='bbox 677 291 752 322; x_wconf 88' lang='lat' dir='ltr'><strong>quos</strong></span> 
     </span>
     <span class='ocr_line' id='line_1_5' title="bbox 149 328 751 368; baseline -0.005 -9"><span class='ocrx_word' id='word_1_20' title='bbox 149 330 232 366; x_wconf 62' lang='lat' dir='ltr'><strong>mest</strong></span> <span class='ocrx_word' id='word_1_21' title='bbox 253 339 394 361; x_wconf 84' lang='lat' dir='ltr'><strong>exercere</strong></span> <span class='ocrx_word' id='word_1_22' title='bbox 408 331 472 360; x_wconf 87' lang='lat' dir='ltr'><strong>sine</strong></span> <span class='ocrx_word' id='word_1_23' title='bbox 493 328 707 368; x_wconf 63' lang='lat' dir='ltr'><strong>incongruitate</strong></span> <span class='ocrx_word' id='word_1_24' title='bbox 720 330 751 357; x_wconf 84' lang='lat' dir='ltr'><strong>et</strong></span> 
     </span>
    </p>

    <p class='ocr_par' dir='ltr' id='par_1_3' title="bbox 86 369 753 500">
     <span class='ocr_line' id='line_1_6' title="bbox 150 369 753 411; baseline -0.002 -10"><span class='ocrx_word' id='word_1_25' title='bbox 150 369 297 402; x_wconf 71' lang='lat' dir='ltr'>indecentia</span> <span class='ocrx_word' id='word_1_26' title='bbox 308 397 316 411; x_wconf 84' lang='grc'>,</span> <span class='ocrx_word' id='word_1_27' title='bbox 333 375 373 404; x_wconf 80' lang='lat' dir='ltr'><strong>ita</strong></span> <span class='ocrx_word' id='word_1_28' title='bbox 389 378 422 404; x_wconf 90' lang='lat' dir='ltr'><strong>ut</strong></span> <span class='ocrx_word' id='word_1_29' title='bbox 431 372 578 404; x_wconf 84' lang='lat' dir='ltr'><strong>Sacerdos</strong></span> <span class='ocrx_word' id='word_1_30' title='bbox 589 379 689 402; x_wconf 77' lang='lat' dir='ltr'><strong>coecus</strong></span> <span class='ocrx_word' id='word_1_31' title='bbox 700 374 753 400; x_wconf 87' lang='lat' dir='ltr'><strong>aut</strong></span> 
     </span>
     <span class='ocr_line' id='line_1_7' title="bbox 86 410 750 459; baseline -0.005 -11"><span class='ocrx_word' id='word_1_32' title='bbox 86 410 89 422; x_wconf 79' lang='lat'><em>¹</em></span> <span class='ocrx_word' id='word_1_33' title='bbox 151 413 257 449; x_wconf 66' lang='lat' dir='ltr'><strong>duum</strong></span> <span class='ocrx_word' id='word_1_34' title='bbox 277 417 354 449; x_wconf 76' lang='lat' dir='ltr'><strong>bene</strong></span> <span class='ocrx_word' id='word_1_35' title='bbox 368 419 459 459; x_wconf 78' lang='lat' dir='ltr'><strong>possit</strong></span> <span class='ocrx_word' id='word_1_36' title='bbox 472 418 610 457; x_wconf 77' lang='lat' dir='ltr'><strong>excipere</strong></span> <span class='ocrx_word' id='word_1_37' title='bbox 629 415 750 447; x_wconf 77' lang='lat' dir='ltr'><strong>Confes-</strong></span> 
     </span>
     <span class='ocr_line' id='line_1_8' title="bbox 151 458 752 500; baseline -0.003 -8"><span class='ocrx_word' id='word_1_38' title='bbox 151 458 371 498; x_wconf 72' lang='lat' dir='ltr'><strong>fl&#39;ones‚canere</strong></span> <span class='ocrx_word' id='word_1_39' title='bbox 394 461 585 500; x_wconf 72' lang='lat' dir='ltr'><strong>Evangelium</strong></span> <span class='ocrx_word' id='word_1_40' title='bbox 599 484 606 496; x_wconf 85' lang='grc'><strong>,</strong></span> <span class='ocrx_word' id='word_1_41' title='bbox 632 464 688 491; x_wconf 88' lang='lat' dir='ltr'><strong>etc.</strong></span> <span class='ocrx_word' id='word_1_42' title='bbox 711 476 752 482; x_wconf 96' lang='lat'>—</span> 
     </span>
    </p>
   </div>
   <div class='ocr_carea' id='block_1_3' title="bbox 86 501 753 543">
    <p class='ocr_par' dir='ltr' id='par_1_4' title="bbox 86 501 753 543">
     <span class='ocr_line' id='line_1_9' title="bbox 86 501 753 543; baseline 0 -10"><span class='ocrx_word' id='word_1_43' title='bbox 86 509 91 543; x_wconf 52' lang='grc' dir='ltr'>ζ</span> <span class='ocrx_word' id='word_1_44' title='bbox 152 501 179 533; x_wconf 73' lang='lat'><strong>2·</strong></span> <span class='ocrx_word' id='word_1_45' title='bbox 194 504 305 537; x_wconf 77' lang='lat' dir='ltr'><strong>Slvere</strong></span> <span class='ocrx_word' id='word_1_46' title='bbox 317 505 384 536; x_wconf 82' lang='lat' dir='ltr'><strong>talis</strong></span> <span class='ocrx_word' id='word_1_47' title='bbox 392 505 527 536; x_wconf 81' lang='lat' dir='ltr'><strong>desectus</strong></span> <span class='ocrx_word' id='word_1_48' title='bbox 544 507 613 535; x_wconf 81' lang='lat' dir='ltr'><strong>ante</strong></span> <span class='ocrx_word' id='word_1_49' title='bbox 626 503 753 534; x_wconf 84' lang='lat' dir='ltr'><strong>Ordines</strong></span> 
     </span>
    </p>
   </div>
   <div class='ocr_carea' id='block_1_4' title="bbox 86 547 759 2240">
    <p class='ocr_par' dir='ltr' id='par_1_5' title="bbox 86 547 759 2240">
     <span class='ocr_line' id='line_1_10' title="bbox 86 547 751 593; baseline -0.008 -12"><span class='ocrx_word' id='word_1_50' title='bbox 86 588 89 593; x_wconf 94' lang='lat'><em>.</em></span> <span class='ocrx_word' id='word_1_51' title='bbox 151 547 286 586; x_wconf 47' lang='lat' dir='ltr'><strong>nveniam</strong></span> <span class='ocrx_word' id='word_1_52' title='bbox 309 550 444 581; x_wconf 81' lang='lat' dir='ltr'><strong>absolute</strong></span> <span class='ocrx_word' id='word_1_53' title='bbox 468 549 583 580; x_wconf 75' lang='lat' dir='ltr'><strong>inducit</strong></span> <span class='ocrx_word' id='word_1_54' title='bbox 606 547 751 586; x_wconf 79' lang='lat' dir='ltr'><strong>irregula-</strong></span> 
     </span>
     <span class='ocr_line' id='line_1_11' title="bbox 86 591 751 635; baseline -0.002 -14"><span class='ocrx_word' id='word_1_55' title='bbox 86 600 90 635; x_wconf 67' lang='grc' dir='ltr'><em>ς</em></span> <span class='ocrx_word' id='word_1_56' title='bbox 150 591 269 633; x_wconf 79' lang='lat' dir='ltr'><strong>ritatem,</strong></span> <span class='ocrx_word' id='word_1_57' title='bbox 282 602 340 624; x_wconf 90' lang='lat' dir='ltr'><strong>non</strong></span> <span class='ocrx_word' id='word_1_58' title='bbox 354 594 449 625; x_wconf 77' lang='lat' dir='ltr'><strong>solum</strong></span> <span class='ocrx_word' id='word_1_59' title='bbox 463 593 501 623; x_wconf 90' lang='lat' dir='ltr'><strong>ad</strong></span> <span class='ocrx_word' id='word_1_60' title='bbox 517 593 599 623; x_wconf 88' lang='lat' dir='ltr'><strong>illum</strong></span> <span class='ocrx_word' id='word_1_61' title='bbox 609 592 751 624; x_wconf 82' lang='lat' dir='ltr'>Ordinem</span> 
     </span>
     <span class='ocr_line' id='line_1_12' title="bbox 86 636 753 678; baseline -0.004 -10"><span class='ocrx_word' id='word_1_62' title='bbox 86 643 88 649; x_wconf 92' lang='lat'>&#39;</span> <span class='ocrx_word' id='word_1_63' title='bbox 149 637 222 675; x_wconf 69' lang='lat' dir='ltr'><strong>mjus</strong></span> <span class='ocrx_word' id='word_1_64' title='bbox 251 639 424 669; x_wconf 73' lang='lat' dir='ltr'>exercitium</span> <span class='ocrx_word' id='word_1_65' title='bbox 459 637 601 678; x_wconf 83' lang='lat' dir='ltr'><strong>impedit.</strong></span> <span class='ocrx_word' id='word_1_66' title='bbox 630 636 683 667; x_wconf 85' lang='lat' dir='ltr'><strong>scd</strong></span> <span class='ocrx_word' id='word_1_67' title='bbox 714 636 753 665; x_wconf 87' lang='lat' dir='ltr'><strong>ad</strong></span> 
     </span>
     <span class='ocr_line' id='line_1_13' title="bbox 147 680 753 714; baseline -0.002 -3"><span class='ocrx_word' id='word_1_68' title='bbox 147 688 238 714; x_wconf 79' lang='lat' dir='ltr'><strong>omnes</strong></span> <span class='ocrx_word' id='word_1_69' title='bbox 262 683 342 714; x_wconf 88' lang='lat' dir='ltr'><strong>alios.</strong></span> <span class='ocrx_word' id='word_1_70' title='bbox 367 699 407 706; x_wconf 96' lang='lat'>—</span> <span class='ocrx_word' id='word_1_71' title='bbox 434 683 501 713; x_wconf 69' lang='lat'>4⁴3.</span> <span class='ocrx_word' id='word_1_72' title='bbox 522 698 563 705; x_wconf 93' lang='lat'>—</span> <span class='ocrx_word' id='word_1_73' title='bbox 589 683 620 712; x_wconf 79' lang='lat'><strong>3⁰</strong></span> <span class='ocrx_word' id='word_1_74' title='bbox 644 681 677 712; x_wconf 88' lang='lat' dir='ltr'><strong>ln</strong></span> <span class='ocrx_word' id='word_1_75' title='bbox 698 680 753 711; x_wconf 74' lang='lat' dir='ltr'><strong>hac</strong></span> 
     </span>
     <span class='ocr_line' id='line_1_14' title="bbox 146 726 753 768; baseline 0 -13"><span class='ocrx_word' id='word_1_76' title='bbox 146 731 235 757; x_wconf 72' lang='lat' dir='ltr'><strong>autem</strong></span> <span class='ocrx_word' id='word_1_77' title='bbox 255 728 474 767; x_wconf 74' lang='lat' dir='ltr'><strong>irregularitate</strong></span> <span class='ocrx_word' id='word_1_78' title='bbox 500 726 690 768; x_wconf 71' lang='lat' dir='ltr'><strong>proveniente</strong></span> <span class='ocrx_word' id='word_1_79' title='bbox 714 734 753 755; x_wconf 81' lang='lat' dir='ltr'><strong>ex</strong></span> 
     </span>
     <span class='ocr_line' id='line_1_15' title="bbox 145 769 751 812; baseline -0.007 -10"><span class='ocrx_word' id='word_1_80' title='bbox 145 769 252 802; x_wconf 77' lang='lat' dir='ltr'><strong>defectu</strong></span> <span class='ocrx_word' id='word_1_81' title='bbox 266 772 346 803; x_wconf 84' lang='lat' dir='ltr'><strong>solus</strong></span> <span class='ocrx_word' id='word_1_82' title='bbox 365 773 441 812; x_wconf 86' lang='lat' dir='ltr'><strong>Papa</strong></span> <span class='ocrx_word' id='word_1_83' title='bbox 458 775 553 812; x_wconf 83' lang='lat' dir='ltr'><strong>potest</strong></span> <span class='ocrx_word' id='word_1_84' title='bbox 570 771 751 811; x_wconf 83' lang='lat' dir='ltr'><strong>dispensare.</strong></span> 
     </span>
     <span class='ocr_line' id='line_1_16' title="bbox 144 814 752 856; baseline -0.005 -10"><span class='ocrx_word' id='word_1_85' title='bbox 144 814 254 847; x_wconf 72' lang='lat' dir='ltr'><strong>Pmnn</strong></span> <span class='ocrx_word' id='word_1_86' title='bbox 279 821 379 847; x_wconf 82' lang='lat' dir='ltr'><strong>autem</strong></span> <span class='ocrx_word' id='word_1_87' title='bbox 393 816 544 856; x_wconf 81' lang='lat' dir='ltr'><strong>regulares</strong></span> <span class='ocrx_word' id='word_1_88' title='bbox 567 814 643 846; x_wconf 78' lang='lat' dir='ltr'><strong>bene</strong></span> <span class='ocrx_word' id='word_1_89' title='bbox 663 815 752 844; x_wconf 86' lang='lat' dir='ltr'><strong>etiam</strong></span> 
     </span>
     <span class='ocr_line' id='line_1_17' title="bbox 143 858 753 901; baseline -0.005 -10"><span class='ocrx_word' id='word_1_90' title='bbox 143 864 261 900; x_wconf 77' lang='lat' dir='ltr'><strong>possunt</strong></span> <span class='ocrx_word' id='word_1_91' title='bbox 273 860 445 901; x_wconf 86' lang='lat' dir='ltr'><strong>dispensare</strong></span> <span class='ocrx_word' id='word_1_92' title='bbox 460 861 490 890; x_wconf 94' lang='lat' dir='ltr'><strong>in</strong></span> <span class='ocrx_word' id='word_1_93' title='bbox 503 858 667 898; x_wconf 79' lang='lat' dir='ltr'><strong>hujusmodi</strong></span> <span class='ocrx_word' id='word_1_94' title='bbox 679 859 753 888; x_wconf 85' lang='lat' dir='ltr'><strong>irre-</strong></span> 
     </span>
     <span class='ocr_line' id='line_1_18' title="bbox 140 903 753 944; baseline -0.003 -10"><span class='ocrx_word' id='word_1_95' title='bbox 140 905 313 943; x_wconf 68' lang='lat' dir='ltr'><strong>gularitate,</strong></span> <span class='ocrx_word' id='word_1_96' title='bbox 339 913 399 936; x_wconf 89' lang='lat' dir='ltr'><strong>non</strong></span> <span class='ocrx_word' id='word_1_97' title='bbox 428 910 528 935; x_wconf 76' lang='lat' dir='ltr'><strong>autem</strong></span> <span class='ocrx_word' id='word_1_98' title='bbox 552 903 704 944; x_wconf 83' lang='lat' dir='ltr'><strong>Episcopi,</strong></span> <span class='ocrx_word' id='word_1_99' title='bbox 720 905 753 932; x_wconf 89' lang='lat' dir='ltr'><strong>ut</strong></span> 
     </span>
     <span class='ocr_line' id='line_1_19' title="bbox 141 946 753 989; baseline -0.003 -10"><span class='ocrx_word' id='word_1_100' title='bbox 141 949 269 979; x_wconf 80' lang='lat' dir='ltr'><strong>diximus</strong></span> <span class='ocrx_word' id='word_1_101' title='bbox 291 958 319 979; x_wconf 91' lang='lat' dir='ltr'><strong>n.</strong></span> <span class='ocrx_word' id='word_1_102' title='bbox 337 949 408 987; x_wconf 73' lang='lat'><strong>400,</strong></span> <span class='ocrx_word' id='word_1_103' title='bbox 424 949 475 989; x_wconf 90' lang='lat' dir='ltr'><strong>qui</strong></span> <span class='ocrx_word' id='word_1_104' title='bbox 491 950 605 979; x_wconf 79' lang='lat' dir='ltr'><strong>tantum</strong></span> <span class='ocrx_word' id='word_1_105' title='bbox 619 949 648 978; x_wconf 89' lang='lat' dir='ltr'><strong>in</strong></span> <span class='ocrx_word' id='word_1_106' title='bbox 662 946 753 978; x_wconf 85' lang='lat' dir='ltr'><strong>dubio</strong></span> 
     </span>
     <span class='ocr_line' id='line_1_20' title="bbox 140 992 754 1033; baseline -0.005 -9"><span class='ocrx_word' id='word_1_107' title='bbox 140 1000 175 1024; x_wconf 72' lang='lat' dir='ltr'><strong>tn</strong></span> <span class='ocrx_word' id='word_1_108' title='bbox 197 992 332 1024; x_wconf 78' lang='lat' dir='ltr'><strong>desectus</strong></span> <span class='ocrx_word' id='word_1_109' title='bbox 353 993 486 1033; x_wconf 87' lang='lat' dir='ltr'><strong>corporis</strong></span> <span class='ocrx_word' id='word_1_110' title='bbox 505 992 673 1023; x_wconf 84' lang='lat' dir='ltr'><strong>notabiliter</strong></span> <span class='ocrx_word' id='word_1_111' title='bbox 695 993 754 1021; x_wconf 89' lang='lat' dir='ltr'><strong>im-</strong></span> 
     </span>
     <span class='ocr_line' id='line_1_21' title="bbox 140 1036 753 1079; baseline -0.007 -10"><span class='ocrx_word' id='word_1_112' title='bbox 140 1037 238 1079; x_wconf 83' lang='lat' dir='ltr'><strong>pediat</strong></span> <span class='ocrx_word' id='word_1_113' title='bbox 268 1037 442 1068; x_wconf 85' lang='lat' dir='ltr'><strong>exercitium</strong></span> <span class='ocrx_word' id='word_1_114' title='bbox 471 1036 607 1073; x_wconf 78' lang='lat' dir='ltr'><strong>Ordinis,</strong></span> <span class='ocrx_word' id='word_1_115' title='bbox 645 1036 691 1067; x_wconf 83' lang='lat' dir='ltr'><strong>vel</strong></span> <span class='ocrx_word' id='word_1_116' title='bbox 715 1044 753 1066; x_wconf 90' lang='lat' dir='ltr'><strong>an</strong></span> 
     </span>
     <span class='ocr_line' id='line_1_22' title="bbox 140 1081 756 1122; baseline -0.003 -10"><span class='ocrx_word' id='word_1_117' title='bbox 140 1089 276 1122; x_wconf 76' lang='lat' dir='ltr'><strong>magnam</strong></span> <span class='ocrx_word' id='word_1_118' title='bbox 292 1081 397 1112; x_wconf 78' lang='lat' dir='ltr'><strong>afferat</strong></span> <span class='ocrx_word' id='word_1_119' title='bbox 409 1081 618 1119; x_wconf 80' lang='lat' dir='ltr'><strong>indecentiam,</strong></span> <span class='ocrx_word' id='word_1_120' title='bbox 632 1084 756 1121; x_wconf 81' lang='lat' dir='ltr'><strong>possunt</strong></span> 
     </span>
     <span class='ocr_line' id='line_1_23' title="bbox 141 1124 755 1166; baseline -0.005 -8"><span class='ocrx_word' id='word_1_121' title='bbox 141 1124 306 1162; x_wconf 76' lang='lat' dir='ltr'><strong>declarare,</strong></span> <span class='ocrx_word' id='word_1_122' title='bbox 321 1127 383 1157; x_wconf 88' lang='lat' dir='ltr'><strong>sive</strong></span> <span class='ocrx_word' id='word_1_123' title='bbox 392 1125 536 1166; x_wconf 79' lang='lat' dir='ltr'><strong>J&#39;udicare.</strong></span> <span class='ocrx_word' id='word_1_124' title='bbox 552 1126 623 1156; x_wconf 87' lang='lat' dir='ltr'><strong>ltem</strong></span> <span class='ocrx_word' id='word_1_125' title='bbox 639 1150 647 1163; x_wconf 82' lang='grc'><em>,</em></span> <span class='ocrx_word' id='word_1_126' title='bbox 669 1124 755 1156; x_wconf 75' lang='lat' dir='ltr'><strong>valde</strong></span> 
     </span>
     <span class='ocr_line' id='line_1_24' title="bbox 124 1169 756 1210; baseline -0.003 -8"><span class='ocrx_word' id='word_1_127' title='bbox 124 1169 329 1210; x_wconf 75' lang='lat' dir='ltr'><strong>,probabiliter</strong></span> <span class='ocrx_word' id='word_1_128' title='bbox 337 1169 441 1201; x_wconf 85' lang='lat' dir='ltr'><strong>dieunt</strong></span> <span class='ocrx_word' id='word_1_129' title='bbox 454 1172 539 1208; x_wconf 64' lang='lat' dir='ltr'><strong>ltus„</strong></span> <span class='ocrx_word' id='word_1_130' title='bbox 549 1174 601 1201; x_wconf 80' lang='lat' dir='ltr'><strong>etc.</strong></span> <span class='ocrx_word' id='word_1_131' title='bbox 616 1170 756 1200; x_wconf 74' lang='lat' dir='ltr'><strong>t’raelutos</strong></span> 
     </span>
     <span class='ocr_line' id='line_1_25' title="bbox 140 1214 755 1256; baseline -0.003 -10"><span class='ocrx_word' id='word_1_132' title='bbox 140 1214 293 1256; x_wconf 74' lang='lat' dir='ltr'><strong>regulares</strong></span> <span class='ocrx_word' id='word_1_133' title='bbox 303 1224 389 1256; x_wconf 85' lang='lat' dir='ltr'><strong>posse</strong></span> <span class='ocrx_word' id='word_1_134' title='bbox 403 1216 491 1246; x_wconf 84' lang='lat' dir='ltr'><strong>etiam</strong></span> <span class='ocrx_word' id='word_1_135' title='bbox 506 1215 544 1246; x_wconf 87' lang='lat' dir='ltr'><strong>de</strong></span> <span class='ocrx_word' id='word_1_136' title='bbox 557 1215 613 1246; x_wconf 85' lang='lat' dir='ltr'><strong>hoc</strong></span> <span class='ocrx_word' id='word_1_137' title='bbox 623 1215 755 1255; x_wconf 81' lang='lat' dir='ltr'><strong>judicare</strong></span> 
     </span>
     <span class='ocr_line' id='line_1_26' title="bbox 140 1259 755 1301; baseline -0.005 -9"><span class='ocrx_word' id='word_1_138' title='bbox 140 1264 278 1301; x_wconf 81' lang='lat' dir='ltr'><strong>respectu</strong></span> <span class='ocrx_word' id='word_1_139' title='bbox 296 1259 334 1290; x_wconf 89' lang='lat' dir='ltr'><strong>ad</strong></span> <span class='ocrx_word' id='word_1_140' title='bbox 354 1269 423 1291; x_wconf 87' lang='lat' dir='ltr'><strong>snos</strong></span> <span class='ocrx_word' id='word_1_141' title='bbox 444 1259 594 1297; x_wconf 58' lang='lat' dir='ltr'><strong>subditum</strong></span> <span class='ocrx_word' id='word_1_142' title='bbox 608 1261 676 1299; x_wconf 80' lang='lat' dir='ltr'><strong>quin</strong></span> <span class='ocrx_word' id='word_1_143' title='bbox 697 1260 755 1289; x_wconf 85' lang='lat' dir='ltr'><strong>ba-</strong></span> 
     </span>
     <span class='ocr_line' id='line_1_27' title="bbox 139 1303 754 1345; baseline -0.005 -9"><span class='ocrx_word' id='word_1_144' title='bbox 139 1303 212 1337; x_wconf 81' lang='lat' dir='ltr'><strong>bent</strong></span> <span class='ocrx_word' id='word_1_145' title='bbox 224 1309 363 1345; x_wconf 80' lang='lat' dir='ltr'><strong>respectu</strong></span> <span class='ocrx_word' id='word_1_146' title='bbox 383 1304 422 1335; x_wconf 84' lang='lat' dir='ltr'><strong>ad</strong></span> <span class='ocrx_word' id='word_1_147' title='bbox 442 1313 512 1335; x_wconf 89' lang='lat' dir='ltr'><strong>suos</strong></span> <span class='ocrx_word' id='word_1_148' title='bbox 524 1304 754 1343; x_wconf 80' lang='lat' dir='ltr'><strong>jurisdictionem</strong></span> 
     </span>
     <span class='ocr_line' id='line_1_28' title="bbox 137 1349 755 1392; baseline -0.003 -11"><span class='ocrx_word' id='word_1_149' title='bbox 137 1349 351 1392; x_wconf 78' lang='lat' dir='ltr'><strong>Episcopalem.</strong></span> <span class='ocrx_word' id='word_1_150' title='bbox 386 1366 421 1372; x_wconf 96' lang='lat'>—</span> <span class='ocrx_word' id='word_1_151' title='bbox 455 1350 522 1380; x_wconf 65' lang='lat' dir='ltr'><strong>itt.</strong></span> <span class='ocrx_word' id='word_1_152' title='bbox 551 1365 592 1372; x_wconf 91' lang='lat'><em>-</em></span> <span class='ocrx_word' id='word_1_153' title='bbox 617 1351 649 1380; x_wconf 68' lang='grc' dir='ltr'><strong>ι’·</strong></span> <span class='ocrx_word' id='word_1_154' title='bbox 681 1349 755 1385; x_wconf 76' lang='lat' dir='ltr'><strong>Qum</strong></span> 
     </span>
     <span class='ocr_line' id='line_1_29' title="bbox 137 1393 755 1435; baseline -0.005 -9"><span class='ocrx_word' id='word_1_155' title='bbox 137 1395 216 1426; x_wconf 82' lang='lat' dir='ltr'><strong>dicta</strong></span> <span class='ocrx_word' id='word_1_156' title='bbox 239 1399 311 1426; x_wconf 85' lang='lat' dir='ltr'><strong>sunt</strong></span> <span class='ocrx_word' id='word_1_157' title='bbox 324 1399 458 1435; x_wconf 85' lang='lat' dir='ltr'><strong>spectant</strong></span> <span class='ocrx_word' id='word_1_158' title='bbox 471 1394 510 1425; x_wconf 87' lang='lat' dir='ltr'><strong>ad</strong></span> <span class='ocrx_word' id='word_1_159' title='bbox 530 1403 580 1425; x_wconf 85' lang='lat' dir='ltr'><strong>eos</strong></span> <span class='ocrx_word' id='word_1_160' title='bbox 592 1395 644 1434; x_wconf 86' lang='lat' dir='ltr'><strong>qui</strong></span> <span class='ocrx_word' id='word_1_161' title='bbox 669 1393 755 1423; x_wconf 87' lang='lat' dir='ltr'><strong>labo-</strong></span> 
     </span>
     <span class='ocr_line' id='line_1_30' title="bbox 137 1439 756 1481; baseline -0.005 -9"><span class='ocrx_word' id='word_1_162' title='bbox 137 1445 208 1472; x_wconf 84' lang='lat' dir='ltr'><strong>rent</strong></span> <span class='ocrx_word' id='word_1_163' title='bbox 218 1439 318 1481; x_wconf 85' lang='lat' dir='ltr'><strong>aliquo</strong></span> <span class='ocrx_word' id='word_1_164' title='bbox 334 1441 467 1481; x_wconf 85' lang='lat' dir='ltr'><strong>corporis</strong></span> <span class='ocrx_word' id='word_1_165' title='bbox 481 1439 597 1470; x_wconf 76' lang='lat' dir='ltr'><strong>defectu</strong></span> <span class='ocrx_word' id='word_1_166' title='bbox 610 1440 674 1471; x_wconf 87' lang='lat' dir='ltr'><strong>sine</strong></span> <span class='ocrx_word' id='word_1_167' title='bbox 684 1448 756 1480; x_wconf 88' lang='lat' dir='ltr'><strong>pro-</strong></span> 
     </span>
     <span class='ocr_line' id='line_1_31' title="bbox 136 1484 757 1527; baseline -0.005 -11"><span class='ocrx_word' id='word_1_168' title='bbox 136 1486 203 1527; x_wconf 69' lang='lat' dir='ltr'><strong>pria</strong></span> <span class='ocrx_word' id='word_1_169' title='bbox 226 1485 312 1525; x_wconf 80' lang='lat' dir='ltr'><strong>culpa</strong></span> <span class='ocrx_word' id='word_1_170' title='bbox 325 1494 332 1523; x_wconf 91' lang='grc'>;</span> <span class='ocrx_word' id='word_1_171' title='bbox 347 1486 372 1516; x_wconf 79' lang='lat' dir='ltr'><strong>si</strong></span> <span class='ocrx_word' id='word_1_172' title='bbox 394 1487 464 1516; x_wconf 80' lang='lat' dir='ltr'><strong>vero</strong></span> <span class='ocrx_word' id='word_1_173' title='bbox 486 1484 619 1516; x_wconf 72' lang='lat' dir='ltr'><strong>detectus</strong></span> <span class='ocrx_word' id='word_1_174' title='bbox 638 1484 757 1514; x_wconf 88' lang='lat' dir='ltr'><strong>advenit</strong></span> 
     </span>
     <span class='ocr_line' id='line_1_32' title="bbox 134 1529 756 1570; baseline -0.008 -8"><span class='ocrx_word' id='word_1_175' title='bbox 134 1540 174 1562; x_wconf 77' lang='lat' dir='ltr'><strong>ex</strong></span> <span class='ocrx_word' id='word_1_176' title='bbox 195 1539 300 1561; x_wconf 83' lang='lat' dir='ltr'><strong>eorum</strong></span> <span class='ocrx_word' id='word_1_177' title='bbox 320 1529 422 1570; x_wconf 67' lang='lat' dir='ltr'><strong>culpa,</strong></span> <span class='ocrx_word' id='word_1_178' title='bbox 437 1532 507 1570; x_wconf 78' lang='lat' dir='ltr'><strong>puta</strong></span> <span class='ocrx_word' id='word_1_179' title='bbox 529 1530 554 1560; x_wconf 87' lang='lat' dir='ltr'><strong>si</strong></span> <span class='ocrx_word' id='word_1_180' title='bbox 571 1530 639 1570; x_wconf 85' lang='lat' dir='ltr'><strong>quis</strong></span> <span class='ocrx_word' id='word_1_181' title='bbox 660 1537 756 1559; x_wconf 79' lang='lat' dir='ltr'><strong>mem-</strong></span> 
     </span>
     <span class='ocr_line' id='line_1_33' title="bbox 136 1573 759 1614; baseline -0.008 -8"><span class='ocrx_word' id='word_1_182' title='bbox 136 1574 230 1607; x_wconf 86' lang='lat' dir='ltr'><strong>brum</strong></span> <span class='ocrx_word' id='word_1_183' title='bbox 241 1598 250 1611; x_wconf 83' lang='grc'><strong>.</strong></span> <span class='ocrx_word' id='word_1_184' title='bbox 265 1573 312 1604; x_wconf 86' lang='lat' dir='ltr'><strong>vel</strong></span> <span class='ocrx_word' id='word_1_185' title='bbox 323 1575 387 1613; x_wconf 84' lang='lat' dir='ltr'><strong>ejus</strong></span> <span class='ocrx_word' id='word_1_186' title='bbox 401 1578 515 1614; x_wconf 84' lang='lat' dir='ltr'><strong>partem</strong></span> <span class='ocrx_word' id='word_1_187' title='bbox 523 1574 578 1604; x_wconf 82' lang='lat' dir='ltr'><strong>sibi</strong></span> <span class='ocrx_word' id='word_1_188' title='bbox 590 1575 759 1613; x_wconf 80' lang='lat' dir='ltr'><strong>amputaret</strong></span> 
     </span>
     <span class='ocr_line' id='line_1_34' title="bbox 134 1618 758 1660; baseline -0.005 -10"><span class='ocrx_word' id='word_1_189' title='bbox 134 1628 175 1651; x_wconf 82' lang='lat' dir='ltr'><strong>ex</strong></span> <span class='ocrx_word' id='word_1_190' title='bbox 187 1619 279 1660; x_wconf 74' lang='lat' dir='ltr'><strong>prava</strong></span> <span class='ocrx_word' id='word_1_191' title='bbox 290 1619 451 1649; x_wconf 81' lang='lat' dir='ltr'><strong>intentione</strong></span> <span class='ocrx_word' id='word_1_192' title='bbox 460 1641 468 1655; x_wconf 91' lang='lat'><em>,</em></span> <span class='ocrx_word' id='word_1_193' title='bbox 483 1618 537 1658; x_wconf 82' lang='lat' dir='ltr'><strong>ipsi</strong></span> <span class='ocrx_word' id='word_1_194' title='bbox 552 1618 627 1648; x_wconf 79' lang='lat' dir='ltr'><strong>liunt</strong></span> <span class='ocrx_word' id='word_1_195' title='bbox 640 1618 758 1656; x_wconf 73' lang='lat' dir='ltr'><strong>irregu-</strong></span> 
     </span>
     <span class='ocr_line' id='line_1_35' title="bbox 135 1662 758 1702; baseline -0.008 -7"><span class='ocrx_word' id='word_1_196' title='bbox 135 1663 233 1700; x_wconf 82' lang='lat' dir='ltr'><strong>lares,</strong></span> <span class='ocrx_word' id='word_1_197' title='bbox 254 1664 369 1694; x_wconf 82' lang='lat' dir='ltr'><strong>etiamsi</strong></span> <span class='ocrx_word' id='word_1_198' title='bbox 387 1663 522 1694; x_wconf 83' lang='lat' dir='ltr'><strong>desectus</strong></span> <span class='ocrx_word' id='word_1_199' title='bbox 536 1671 593 1693; x_wconf 91' lang='lat' dir='ltr'><strong>non</strong></span> <span class='ocrx_word' id='word_1_200' title='bbox 618 1662 758 1702; x_wconf 77' lang='lat' dir='ltr'><strong>impediat</strong></span> 
     </span>
     <span class='ocr_line' id='line_1_36' title="bbox 135 1707 757 1745; baseline -0.005 -6"><span class='ocrx_word' id='word_1_201' title='bbox 135 1709 315 1740; x_wconf 78' lang='lat' dir='ltr'><strong>exercitium</strong></span> <span class='ocrx_word' id='word_1_202' title='bbox 325 1708 446 1739; x_wconf 86' lang='lat' dir='ltr'><strong>Ordinis</strong></span> <span class='ocrx_word' id='word_1_203' title='bbox 454 1732 462 1745; x_wconf 87' lang='lat'>,</span> <span class='ocrx_word' id='word_1_204' title='bbox 476 1716 531 1738; x_wconf 85' lang='lat' dir='ltr'><strong>nec</strong></span> <span class='ocrx_word' id='word_1_205' title='bbox 542 1707 757 1738; x_wconf 70' lang='lat' dir='ltr'><strong>deformitatem</strong></span> 
     </span>
     <span class='ocr_line' id='line_1_37' title="bbox 136 1751 758 1793; baseline -0.006 -8"><span class='ocrx_word' id='word_1_206' title='bbox 136 1753 264 1792; x_wconf 62' lang='grc' dir='ltr'><strong>επακ-εις</strong></span> <span class='ocrx_word' id='word_1_207' title='bbox 279 1753 348 1793; x_wconf 90' lang='lat' dir='ltr'><strong>quia</strong></span> <span class='ocrx_word' id='word_1_208' title='bbox 364 1752 566 1792; x_wconf 73' lang='lat' dir='ltr'><strong>irregularitas</strong></span> <span class='ocrx_word' id='word_1_209' title='bbox 580 1751 643 1782; x_wconf 74' lang='lat' dir='ltr'><strong>haee</strong></span> <span class='ocrx_word' id='word_1_210' title='bbox 658 1752 758 1791; x_wconf 86' lang='lat' dir='ltr'><strong>impo-</strong></span> 
     </span>
     <span class='ocr_line' id='line_1_38' title="bbox 136 1796 758 1837; baseline -0.008 -7"><span class='ocrx_word' id='word_1_211' title='bbox 136 1800 196 1830; x_wconf 79' lang='lat' dir='ltr'><strong>sita</strong></span> <span class='ocrx_word' id='word_1_212' title='bbox 207 1802 254 1828; x_wconf 87' lang='lat' dir='ltr'><strong>est</strong></span> <span class='ocrx_word' id='word_1_213' title='bbox 266 1798 295 1827; x_wconf 87' lang='lat' dir='ltr'><strong>in</strong></span> <span class='ocrx_word' id='word_1_214' title='bbox 308 1805 426 1837; x_wconf 81' lang='lat' dir='ltr'><strong>poenam</strong></span> <span class='ocrx_word' id='word_1_215' title='bbox 439 1796 563 1827; x_wconf 74' lang='lat' dir='ltr'><strong>soevitiei</strong></span> <span class='ocrx_word' id='word_1_216' title='bbox 576 1797 605 1826; x_wconf 93' lang='lat' dir='ltr'><strong>in</strong></span> <span class='ocrx_word' id='word_1_217' title='bbox 616 1796 758 1835; x_wconf 85' lang='lat' dir='ltr'><strong>semctip-</strong></span> 
     </span>
     <span class='ocr_line' id='line_1_39' title="bbox 138 1840 757 1880; baseline -0.006 -6"><span class='ocrx_word' id='word_1_218' title='bbox 138 1852 208 1875; x_wconf 80' lang='lat' dir='ltr'><strong>sum</strong></span> <span class='ocrx_word' id='word_1_219' title='bbox 224 1867 233 1880; x_wconf 83' lang='lat'>,</span> <span class='ocrx_word' id='word_1_220' title='bbox 250 1842 288 1872; x_wconf 85' lang='lat' dir='ltr'><strong>ad</strong></span> <span class='ocrx_word' id='word_1_221' title='bbox 306 1843 381 1872; x_wconf 87' lang='lat' dir='ltr'><strong>banc</strong></span> <span class='ocrx_word' id='word_1_222' title='bbox 395 1847 495 1872; x_wconf 63' lang='lat' dir='ltr'><strong>namen</strong></span> <span class='ocrx_word' id='word_1_223' title='bbox 511 1840 757 1880; x_wconf 68' lang='lat' dir='ltr'><strong>irregularitatem</strong></span> 
     </span>
     <span class='ocr_line' id='line_1_40' title="bbox 138 1886 757 1927; baseline -0.006 -8"><span class='ocrx_word' id='word_1_224' title='bbox 138 1887 362 1925; x_wconf 82' lang='lat' dir='ltr'><strong>incurrendam,</strong></span> <span class='ocrx_word' id='word_1_225' title='bbox 375 1887 538 1927; x_wconf 74' lang='lat' dir='ltr'><strong>requiritur</strong></span> <span class='ocrx_word' id='word_1_226' title='bbox 544 1886 630 1927; x_wconf 76' lang='lat' dir='ltr'><strong>culpa</strong></span> <span class='ocrx_word' id='word_1_227' title='bbox 641 1887 740 1925; x_wconf 78' lang='lat' dir='ltr'><strong>gravis</strong></span> <span class='ocrx_word' id='word_1_228' title='bbox 750 1910 757 1922; x_wconf 78' lang='grc'>,</span> 
     </span>
     <span class='ocr_line' id='line_1_41' title="bbox 139 1931 757 1972; baseline -0.008 -8"><span class='ocrx_word' id='word_1_229' title='bbox 139 1932 214 1964; x_wconf 78' lang='lat' dir='ltr'><strong>alios</strong></span> <span class='ocrx_word' id='word_1_230' title='bbox 226 1936 308 1963; x_wconf 85' lang='lat' dir='ltr'><strong>tanta</strong></span> <span class='ocrx_word' id='word_1_231' title='bbox 322 1940 409 1972; x_wconf 82' lang='lat' dir='ltr'><strong>poena</strong></span> <span class='ocrx_word' id='word_1_232' title='bbox 422 1940 479 1962; x_wconf 90' lang='lat' dir='ltr'><strong>non</strong></span> <span class='ocrx_word' id='word_1_233' title='bbox 495 1931 618 1962; x_wconf 79' lang='lat' dir='ltr'><strong>liaberet</strong></span> <span class='ocrx_word' id='word_1_234' title='bbox 627 1931 757 1962; x_wconf 80' lang='lat' dir='ltr'><strong>debitam</strong></span> 
     </span>
     <span class='ocr_line' id='line_1_42' title="bbox 140 1975 759 2017; baseline -0.005 -9"><span class='ocrx_word' id='word_1_235' title='bbox 140 1986 210 2008; x_wconf 87' lang='lat' dir='ltr'><strong>cum</strong></span> <span class='ocrx_word' id='word_1_236' title='bbox 239 1976 324 2016; x_wconf 73' lang='lat' dir='ltr'><strong>culpa</strong></span> <span class='ocrx_word' id='word_1_237' title='bbox 347 1977 577 2017; x_wconf 78' lang='lat' dir='ltr'><strong>proportionem.</strong></span> <span class='ocrx_word' id='word_1_238' title='bbox 605 1991 646 1998; x_wconf 90' lang='lat'>-</span> <span class='ocrx_word' id='word_1_239' title='bbox 670 1975 759 2006; x_wconf 80' lang='lat' dir='ltr'><strong>Recte</strong></span> 
     </span>
     <span class='ocr_line' id='line_1_43' title="bbox 141 2020 758 2061; baseline -0.005 -8"><span class='ocrx_word' id='word_1_240' title='bbox 141 2027 241 2053; x_wconf 85' lang='lat' dir='ltr'><strong>tamen</strong></span> <span class='ocrx_word' id='word_1_241' title='bbox 256 2022 297 2052; x_wconf 78' lang='lat' dir='ltr'><strong>ait</strong></span> <span class='ocrx_word' id='word_1_242' title='bbox 313 2020 410 2051; x_wconf 84' lang='lat' dir='ltr'><strong>Tamb.</strong></span> <span class='ocrx_word' id='word_1_243' title='bbox 429 2020 508 2061; x_wconf 79' lang='lat' dir='ltr'><strong>quod</strong></span> <span class='ocrx_word' id='word_1_244' title='bbox 522 2020 684 2061; x_wconf 74' lang='lat' dir='ltr'><strong>Episcopus</strong></span> <span class='ocrx_word' id='word_1_245' title='bbox 700 2028 758 2060; x_wconf 83' lang='lat' dir='ltr'><strong>po-</strong></span> 
     </span>
     <span class='ocr_line' id='line_1_44' title="bbox 142 2065 758 2105; baseline -0.006 -7"><span class='ocrx_word' id='word_1_246' title='bbox 142 2067 213 2098; x_wconf 81' lang='lat' dir='ltr'><strong>terit</strong></span> <span class='ocrx_word' id='word_1_247' title='bbox 235 2074 303 2096; x_wconf 87' lang='lat' dir='ltr'><strong>cum</strong></span> <span class='ocrx_word' id='word_1_248' title='bbox 328 2065 377 2095; x_wconf 90' lang='lat' dir='ltr'><strong>illo</strong></span> <span class='ocrx_word' id='word_1_249' title='bbox 397 2065 586 2105; x_wconf 87' lang='lat' dir='ltr'><strong>dispensare,</strong></span> <span class='ocrx_word' id='word_1_250' title='bbox 607 2065 632 2095; x_wconf 89' lang='lat' dir='ltr'><strong>si</strong></span> <span class='ocrx_word' id='word_1_251' title='bbox 646 2065 758 2095; x_wconf 80' lang='lat' dir='ltr'><strong>crimen</strong></span> 
     </span>
     <span class='ocr_line' id='line_1_45' title="bbox 141 2109 759 2148; baseline -0.005 -5"><span class='ocrx_word' id='word_1_252' title='bbox 141 2109 335 2143; x_wconf 76' lang='lat' dir='ltr'><strong>sitoocultum</strong></span> <span class='ocrx_word' id='word_1_253' title='bbox 346 2133 354 2148; x_wconf 86' lang='lat'>‚</span> <span class='ocrx_word' id='word_1_254' title='bbox 367 2110 465 2140; x_wconf 85' lang='lat' dir='ltr'><strong>adhuc</strong></span> <span class='ocrx_word' id='word_1_255' title='bbox 473 2111 499 2141; x_wconf 87' lang='lat' dir='ltr'><strong>si</strong></span> <span class='ocrx_word' id='word_1_256' title='bbox 519 2109 652 2141; x_wconf 77' lang='lat' dir='ltr'><strong>detectus</strong></span> <span class='ocrx_word' id='word_1_257' title='bbox 663 2119 759 2141; x_wconf 88' lang='lat' dir='ltr'><strong>mem-</strong></span> 
     </span>
     <span class='ocr_line' id='line_1_46' title="bbox 142 2154 759 2194; baseline -0.002 -9"><span class='ocrx_word' id='word_1_258' title='bbox 142 2154 191 2186; x_wconf 83' lang='lat' dir='ltr'><strong>bri</strong></span> <span class='ocrx_word' id='word_1_259' title='bbox 208 2155 249 2185; x_wconf 82' lang='lat' dir='ltr'><strong>sit</strong></span> <span class='ocrx_word' id='word_1_260' title='bbox 274 2158 392 2194; x_wconf 84' lang='lat' dir='ltr'><strong>patens;</strong></span> <span class='ocrx_word' id='word_1_261' title='bbox 415 2162 485 2185; x_wconf 88' lang='lat' dir='ltr'><strong>nam</strong></span> <span class='ocrx_word' id='word_1_262' title='bbox 509 2154 671 2185; x_wconf 85' lang='lat' dir='ltr'><strong>Concilium</strong></span> <span class='ocrx_word' id='word_1_263' title='bbox 686 2154 759 2184; x_wconf 89' lang='lat' dir='ltr'><strong>uni-</strong></span> 
     </span>
     <span class='ocr_line' id='line_1_47' title="bbox 142 2198 759 2240; baseline -0.003 -9"><span class='ocrx_word' id='word_1_264' title='bbox 142 2200 228 2231; x_wconf 60' lang='lat' dir='ltr'><strong>verse</strong></span> <span class='ocrx_word' id='word_1_265' title='bbox 249 2198 384 2229; x_wconf 66' lang='lat' dir='ltr'><strong>coneedit</strong></span> <span class='ocrx_word' id='word_1_266' title='bbox 410 2199 562 2240; x_wconf 78' lang='lat' dir='ltr'><strong>Episcopis</strong></span> <span class='ocrx_word' id='word_1_267' title='bbox 591 2199 759 2231; x_wconf 65' lang='lat' dir='ltr'><strong>facultatum</strong></span> 
     </span>
    </p>
   </div>
   <div class='ocr_carea' id='block_1_5' title="bbox 142 2241 790 2294">
    <p class='ocr_par' dir='ltr' id='par_1_6' title="bbox 142 2241 790 2294">
     <span class='ocr_line' id='line_1_48' title="bbox 142 2241 790 2294; baseline 0.003 -20"><span class='ocrx_word' id='word_1_268' title='bbox 142 2241 334 2283; x_wconf 67' lang='lat' dir='ltr'><strong>dispensandi</strong></span> <span class='ocrx_word' id='word_1_269' title='bbox 353 2243 384 2273; x_wconf 88' lang='lat' dir='ltr'><strong>in</strong></span> <span class='ocrx_word' id='word_1_270' title='bbox 404 2243 544 2276; x_wconf 85' lang='lat' dir='ltr'><strong>omnibus</strong></span> <span class='ocrx_word' id='word_1_271' title='bbox 557 2245 760 2285; x_wconf 65' lang='lat' dir='ltr'><strong>iri-eguimu-</strong></span> <span class='ocrx_word' id='word_1_272' title='bbox 782 2252 790 2294; x_wconf 63' lang='grc' dir='ltr'>Ι</span> 
     </span>
    </p>
   </div>
   <div class='ocr_carea' id='block_1_6' title="bbox 803 191 1435 1615">
    <p class='ocr_par' dir='ltr' id='par_1_7' title="bbox 804 191 1418 267">
     <span class='ocr_line' id='line_1_49' title="bbox 804 191 1418 233; baseline 0.005 -11"><span class='ocrx_word' id='word_1_273' title='bbox 804 192 882 222; x_wconf 80' lang='lat' dir='ltr'><strong>libus</strong></span> <span class='ocrx_word' id='word_1_274' title='bbox 903 202 937 221; x_wconf 78' lang='lat' dir='ltr'><strong>ex</strong></span> <span class='ocrx_word' id='word_1_275' title='bbox 960 191 1064 222; x_wconf 64' lang='lat' dir='ltr'><strong>‹ivliclo</strong></span> <span class='ocrx_word' id='word_1_276' title='bbox 1088 192 1200 223; x_wconf 75' lang='lat' dir='ltr'><strong>occulto</strong></span> <span class='ocrx_word' id='word_1_277' title='bbox 1215 194 1418 233; x_wconf 78' lang='lat' dir='ltr'><strong>provenienti-</strong></span> 
     </span>
     <span class='ocr_line' id='line_1_50' title="bbox 804 237 1004 267; baseline 0 -1"><span class='ocrx_word' id='word_1_278' title='bbox 804 237 868 267; x_wconf 77' lang='lat' dir='ltr'><strong>bus.</strong></span> <span class='ocrx_word' id='word_1_279' title='bbox 885 253 924 258; x_wconf 91' lang='lat'><strong>—</strong></span> <span class='ocrx_word' id='word_1_280' title='bbox 938 237 969 265; x_wconf 76' lang='grc' dir='ltr'><strong>Η</strong></span> <span class='ocrx_word' id='word_1_281' title='bbox 978 238 1004 266; x_wconf 72' lang='grc' dir='ltr'><strong>ἴ).</strong></span> 
     </span>
    </p>

    <p class='ocr_par' dir='ltr' id='par_1_8' title="bbox 803 280 1420 356">
     <span class='ocr_line' id='line_1_51' title="bbox 845 280 1420 322; baseline 0.009 -13"><span class='ocrx_word' id='word_1_282' title='bbox 845 280 999 317; x_wconf 78' lang='lat' dir='ltr'><strong>Quoeritur</strong></span> <span class='ocrx_word' id='word_1_283' title='bbox 1014 281 1086 322; x_wconf 90' lang='lat' dir='ltr'><strong>quid</strong></span> <span class='ocrx_word' id='word_1_284' title='bbox 1099 281 1257 313; x_wconf 80' lang='lat' dir='ltr'><strong>dicendum</strong></span> <span class='ocrx_word' id='word_1_285' title='bbox 1268 282 1306 313; x_wconf 87' lang='lat' dir='ltr'><strong>de</strong></span> <span class='ocrx_word' id='word_1_286' title='bbox 1317 283 1420 315; x_wconf 87' lang='lat' dir='ltr'><strong>Eunu-</strong></span> 
     </span>
     <span class='ocr_line' id='line_1_52' title="bbox 803 325 881 356; baseline -0.026 0"><span class='ocrx_word' id='word_1_287' title='bbox 803 325 881 356; x_wconf 75' lang='lat' dir='ltr'><strong>cho?</strong></span> 
     </span>
    </p>

    <p class='ocr_par' dir='ltr' id='par_1_9' title="bbox 804 371 1435 1615">
     <span class='ocr_line' id='line_1_53' title="bbox 845 371 1420 414; baseline 0.007 -14"><span class='ocrx_word' id='word_1_288' title='bbox 845 371 877 400; x_wconf 79' lang='lat' dir='ltr'><strong>Ii.</strong></span> <span class='ocrx_word' id='word_1_289' title='bbox 897 386 939 394; x_wconf 97' lang='lat'><strong>—</strong></span> <span class='ocrx_word' id='word_1_290' title='bbox 962 371 1018 408; x_wconf 87' lang='lat' dir='ltr'><strong>Qui</strong></span> <span class='ocrx_word' id='word_1_291' title='bbox 1046 375 1091 402; x_wconf 89' lang='lat' dir='ltr'><strong>est</strong></span> <span class='ocrx_word' id='word_1_292' title='bbox 1113 372 1275 404; x_wconf 78' lang='lat' dir='ltr'><strong>Eunuchus</strong></span> <span class='ocrx_word' id='word_1_293' title='bbox 1298 376 1420 414; x_wconf 83' lang='lat' dir='ltr'><strong>propter</strong></span> 
     </span>
     <span class='ocr_line' id='line_1_54' title="bbox 805 415 1420 453; baseline 0.003 -8"><span class='ocrx_word' id='word_1_294' title='bbox 805 415 1014 446; x_wconf 83' lang='lat' dir='ltr'><strong>abscissionem</strong></span> <span class='ocrx_word' id='word_1_295' title='bbox 1035 416 1178 453; x_wconf 78' lang='lat' dir='ltr'><strong>virilium,</strong></span> <span class='ocrx_word' id='word_1_296' title='bbox 1204 421 1255 447; x_wconf 90' lang='lat' dir='ltr'><strong>aut</strong></span> <span class='ocrx_word' id='word_1_297' title='bbox 1270 417 1420 448; x_wconf 81' lang='lat' dir='ltr'><strong>testiculo·</strong></span> 
     </span>
     <span class='ocr_line' id='line_1_55' title="bbox 805 459 1417 500; baseline 0.007 -11"><span class='ocrx_word' id='word_1_298' title='bbox 805 467 871 489; x_wconf 91' lang='lat' dir='ltr'><strong>rum</strong></span> <span class='ocrx_word' id='word_1_299' title='bbox 883 483 891 498; x_wconf 90' lang='lat'>,</span> <span class='ocrx_word' id='word_1_300' title='bbox 906 460 1012 489; x_wconf 70' lang='lat' dir='ltr'><strong>faciam</strong></span> <span class='ocrx_word' id='word_1_301' title='bbox 1030 461 1047 490; x_wconf 77' lang='lat' dir='ltr'><strong>a</strong></span> <span class='ocrx_word' id='word_1_302' title='bbox 1059 459 1182 491; x_wconf 85' lang='lat' dir='ltr'><strong>medicis</strong></span> <span class='ocrx_word' id='word_1_303' title='bbox 1194 462 1281 492; x_wconf 75' lang='lat' dir='ltr'><strong>causa</strong></span> <span class='ocrx_word' id='word_1_304' title='bbox 1300 462 1395 493; x_wconf 89' lang='lat' dir='ltr'><strong>morbi</strong></span> <span class='ocrx_word' id='word_1_305' title='bbox 1410 487 1417 500; x_wconf 90' lang='grc'>,</span> 
     </span>
     <span class='ocr_line' id='line_1_56' title="bbox 805 503 1421 547; baseline 0.006 -14"><span class='ocrx_word' id='word_1_306' title='bbox 805 503 851 534; x_wconf 87' lang='lat' dir='ltr'><strong>vel</strong></span> <span class='ocrx_word' id='word_1_307' title='bbox 875 504 944 534; x_wconf 73' lang='lat' dir='ltr'><strong>ante</strong></span> <span class='ocrx_word' id='word_1_308' title='bbox 965 512 1051 534; x_wconf 87' lang='lat' dir='ltr'><strong>usum</strong></span> <span class='ocrx_word' id='word_1_309' title='bbox 1077 505 1212 542; x_wconf 74' lang='lat' dir='ltr'><strong>rationis,</strong></span> <span class='ocrx_word' id='word_1_310' title='bbox 1228 504 1274 535; x_wconf 84' lang='lat' dir='ltr'><strong>vel</strong></span> <span class='ocrx_word' id='word_1_311' title='bbox 1300 509 1421 547; x_wconf 84' lang='lat' dir='ltr'><strong>propter</strong></span> 
     </span>
     <span class='ocr_line' id='line_1_57' title="bbox 804 548 1419 590; baseline 0.005 -12"><span class='ocrx_word' id='word_1_312' title='bbox 804 548 943 587; x_wconf 75' lang='lat' dir='ltr'><strong>iniuriam</strong></span> <span class='ocrx_word' id='word_1_313' title='bbox 957 548 1091 585; x_wconf 78' lang='lat' dir='ltr'><strong>alterius,</strong></span> <span class='ocrx_word' id='word_1_314' title='bbox 1107 548 1154 578; x_wconf 84' lang='lat' dir='ltr'><strong>hic</strong></span> <span class='ocrx_word' id='word_1_315' title='bbox 1168 557 1226 579; x_wconf 91' lang='lat' dir='ltr'><strong>non</strong></span> <span class='ocrx_word' id='word_1_316' title='bbox 1240 554 1286 580; x_wconf 67' lang='lat' dir='ltr'><strong>aet</strong></span> <span class='ocrx_word' id='word_1_317' title='bbox 1298 550 1419 590; x_wconf 80' lang='lat' dir='ltr'><strong>irregu-</strong></span> 
     </span>
     <span class='ocr_line' id='line_1_58' title="bbox 805 592 1420 630; baseline 0.005 -7"><span class='ocrx_word' id='word_1_318' title='bbox 805 592 876 624; x_wconf 87' lang='lat' dir='ltr'><strong>laris</strong></span> <span class='ocrx_word' id='word_1_319' title='bbox 886 617 894 630; x_wconf 91' lang='lat'>‚</span> <span class='ocrx_word' id='word_1_320' title='bbox 921 597 954 623; x_wconf 90' lang='lat' dir='ltr'><strong>ut</strong></span> <span class='ocrx_word' id='word_1_321' title='bbox 966 598 1158 624; x_wconf 63' lang='lat' dir='ltr'><strong>communiter</strong></span> <span class='ocrx_word' id='word_1_322' title='bbox 1169 593 1273 625; x_wconf 85' lang='lat' dir='ltr'><strong>dicunt</strong></span> <span class='ocrx_word' id='word_1_323' title='bbox 1289 595 1381 625; x_wconf 48' lang='lat' dir='ltr'><strong>Szt&#39;m.</strong></span> <span class='ocrx_word' id='word_1_324' title='bbox 1395 595 1420 626; x_wconf 84' lang='grc' dir='ltr'>Ε</span> 
     </span>
     <span class='ocr_line' id='line_1_59' title="bbox 804 638 1420 675; baseline 0.002 -7"><span class='ocrx_word' id='word_1_325' title='bbox 804 645 946 668; x_wconf 82' lang='lat' dir='ltr'><strong>converso</strong></span> <span class='ocrx_word' id='word_1_326' title='bbox 957 660 964 670; x_wconf 84' lang='lat'>.</span> <span class='ocrx_word' id='word_1_327' title='bbox 978 638 1003 668; x_wconf 88' lang='lat' dir='ltr'><strong>si</strong></span> <span class='ocrx_word' id='word_1_328' title='bbox 1017 647 1056 668; x_wconf 86' lang='lat' dir='ltr'><strong>ex</strong></span> <span class='ocrx_word' id='word_1_329' title='bbox 1078 638 1121 668; x_wconf 66' lang='lat' dir='ltr'><strong>ira</strong></span> <span class='ocrx_word' id='word_1_330' title='bbox 1135 662 1142 675; x_wconf 86' lang='grc'>,</span> <span class='ocrx_word' id='word_1_331' title='bbox 1164 643 1217 669; x_wconf 85' lang='lat' dir='ltr'><strong>aut</strong></span> <span class='ocrx_word' id='word_1_332' title='bbox 1235 638 1298 669; x_wconf 86' lang='lat' dir='ltr'><strong>zelo</strong></span> <span class='ocrx_word' id='word_1_333' title='bbox 1321 638 1420 669; x_wconf 86' lang='lat' dir='ltr'><strong>indis·-</strong></span> 
     </span>
     <span class='ocr_line' id='line_1_60' title="bbox 804 682 1421 715; baseline 0.005 -3"><span class='ocrx_word' id='word_1_334' title='bbox 804 686 886 712; x_wconf 90' lang='lat' dir='ltr'><strong>creto</strong></span> <span class='ocrx_word' id='word_1_335' title='bbox 921 682 1075 713; x_wconf 79' lang='lat' dir='ltr'><strong>servandae</strong></span> <span class='ocrx_word' id='word_1_336' title='bbox 1108 684 1252 715; x_wconf 86' lang='lat' dir='ltr'><strong>castitatis</strong></span> <span class='ocrx_word' id='word_1_337' title='bbox 1274 683 1376 714; x_wconf 81' lang='lat' dir='ltr'><strong>abscin</strong></span> <span class='ocrx_word' id='word_1_338' title='bbox 1386 683 1421 715; x_wconf 91' lang='lat' dir='ltr'><strong>lit</strong></span> 
     </span>
     <span class='ocr_line' id='line_1_61' title="bbox 804 726 1421 765; baseline 0.005 -8"><span class='ocrx_word' id='word_1_339' title='bbox 804 727 861 758; x_wconf 88' lang='lat' dir='ltr'><strong>sibi</strong></span> <span class='ocrx_word' id='word_1_340' title='bbox 885 726 978 757; x_wconf 83' lang='lat' dir='ltr'><strong>virilia</strong></span> <span class='ocrx_word' id='word_1_341' title='bbox 1002 731 1055 756; x_wconf 87' lang='lat' dir='ltr'><strong>ant</strong></span> <span class='ocrx_word' id='word_1_342' title='bbox 1081 728 1249 765; x_wconf 81' lang='lat' dir='ltr'><strong>testiculos,</strong></span> <span class='ocrx_word' id='word_1_343' title='bbox 1276 730 1357 760; x_wconf 73' lang='lat' dir='ltr'><strong>certo</strong></span> <span class='ocrx_word' id='word_1_344' title='bbox 1388 729 1421 760; x_wconf 82' lang='lat' dir='ltr'><strong>fit</strong></span> 
     </span>
     <span class='ocr_line' id='line_1_62' title="bbox 804 772 1421 811; baseline 0.006 -10"><span class='ocrx_word' id='word_1_345' title='bbox 804 772 985 811; x_wconf 78' lang='lat' dir='ltr'><strong>irregularis.</strong></span> <span class='ocrx_word' id='word_1_346' title='bbox 999 772 1033 803; x_wconf 85' lang='lat' dir='ltr'><strong>Et</strong></span> <span class='ocrx_word' id='word_1_347' title='bbox 1055 772 1133 803; x_wconf 85' lang='lat' dir='ltr'><strong>idem</strong></span> <span class='ocrx_word' id='word_1_348' title='bbox 1153 774 1345 805; x_wconf 81' lang='lat' dir='ltr'><strong>communiter</strong></span> <span class='ocrx_word' id='word_1_349' title='bbox 1364 773 1421 805; x_wconf 92' lang='lat' dir='ltr'><strong>do-</strong></span> 
     </span>
     <span class='ocr_line' id='line_1_63' title="bbox 804 817 1421 859; baseline 0.006 -13"><span class='ocrx_word' id='word_1_350' title='bbox 804 821 873 847; x_wconf 85' lang='lat' dir='ltr'><strong>cent</strong></span> <span class='ocrx_word' id='word_1_351' title='bbox 896 817 954 846; x_wconf 88' lang='lat' dir='ltr'><strong>DD.</strong></span> <span class='ocrx_word' id='word_1_352' title='bbox 980 817 1019 847; x_wconf 88' lang='lat' dir='ltr'><strong>de</strong></span> <span class='ocrx_word' id='word_1_353' title='bbox 1043 826 1078 847; x_wconf 87' lang='lat' dir='ltr'><strong>eo</strong></span> <span class='ocrx_word' id='word_1_354' title='bbox 1097 818 1149 857; x_wconf 87' lang='lat' dir='ltr'><strong>qui</strong></span> <span class='ocrx_word' id='word_1_355' title='bbox 1174 822 1295 859; x_wconf 84' lang='lat' dir='ltr'><strong>propter</strong></span> <span class='ocrx_word' id='word_1_356' title='bbox 1316 817 1421 850; x_wconf 83' lang='lat' dir='ltr'><strong>eadem</strong></span> 
     </span>
     <span class='ocr_line' id='line_1_64' title="bbox 805 860 1421 904; baseline 0.003 -12"><span class='ocrx_word' id='word_1_357' title='bbox 805 862 912 892; x_wconf 87' lang='lat' dir='ltr'><strong>motiva</strong></span> <span class='ocrx_word' id='word_1_358' title='bbox 927 860 1072 902; x_wconf 87' lang='lat' dir='ltr'><strong>permittit</strong></span> <span class='ocrx_word' id='word_1_359' title='bbox 1084 862 1124 892; x_wconf 80' lang='lat' dir='ltr'><strong>ab</strong></span> <span class='ocrx_word' id='word_1_360' title='bbox 1138 862 1195 892; x_wconf 83' lang='lat' dir='ltr'><strong>alio</strong></span> <span class='ocrx_word' id='word_1_361' title='bbox 1207 863 1365 904; x_wconf 82' lang='lat' dir='ltr'><strong>amputari.</strong></span> <span class='ocrx_word' id='word_1_362' title='bbox 1380 879 1421 886; x_wconf 93' lang='lat'>—</span> 
     </span>
     <span class='ocr_line' id='line_1_65' title="bbox 807 906 1420 946; baseline 0.003 -9"><span class='ocrx_word' id='word_1_363' title='bbox 807 906 873 937; x_wconf 75' lang='lat' dir='ltr'><strong>tto.</strong></span> <span class='ocrx_word' id='word_1_364' title='bbox 898 921 939 928; x_wconf 93' lang='lat'>-</span> <span class='ocrx_word' id='word_1_365' title='bbox 963 906 1108 936; x_wconf 65' lang='lat' dir='ltr'><strong>Praeterea</strong></span> <span class='ocrx_word' id='word_1_366' title='bbox 1132 907 1236 938; x_wconf 89' lang='lat' dir='ltr'><strong>dicunt</strong></span> <span class='ocrx_word' id='word_1_367' title='bbox 1260 907 1344 946; x_wconf 60' lang='lat' dir='ltr'><strong>Pal„</strong></span> <span class='ocrx_word' id='word_1_368' title='bbox 1367 910 1420 939; x_wconf 79' lang='lat' dir='ltr'><strong>etc.</strong></span> 
     </span>
     <span class='ocr_line' id='line_1_66' title="bbox 804 950 1420 991; baseline 0.008 -12"><span class='ocrx_word' id='word_1_369' title='bbox 804 950 883 989; x_wconf 81' lang='lat' dir='ltr'><strong>quod</strong></span> <span class='ocrx_word' id='word_1_370' title='bbox 897 950 921 980; x_wconf 86' lang='lat' dir='ltr'><strong>si</strong></span> <span class='ocrx_word' id='word_1_371' title='bbox 936 950 1004 989; x_wconf 90' lang='lat' dir='ltr'><strong>quis</strong></span> <span class='ocrx_word' id='word_1_372' title='bbox 1022 954 1156 990; x_wconf 87' lang='lat' dir='ltr'><strong>amputet</strong></span> <span class='ocrx_word' id='word_1_373' title='bbox 1174 951 1232 981; x_wconf 85' lang='lat' dir='ltr'><strong>sibi</strong></span> <span class='ocrx_word' id='word_1_374' title='bbox 1252 951 1401 983; x_wconf 81' lang='lat' dir='ltr'><strong>testiculos</strong></span> <span class='ocrx_word' id='word_1_375' title='bbox 1412 976 1420 991; x_wconf 86' lang='lat'>,</span> 
     </span>
     <span class='ocr_line' id='line_1_67' title="bbox 805 994 1421 1034; baseline 0.006 -11"><span class='ocrx_word' id='word_1_376' title='bbox 805 994 853 1025; x_wconf 78' lang='lat' dir='ltr'><strong>vel</strong></span> <span class='ocrx_word' id='word_1_377' title='bbox 881 994 1028 1034; x_wconf 84' lang='lat' dir='ltr'><strong>amputari</strong></span> <span class='ocrx_word' id='word_1_378' title='bbox 1061 994 1117 1025; x_wconf 88' lang='lat' dir='ltr'><strong>sibi</strong></span> <span class='ocrx_word' id='word_1_379' title='bbox 1139 995 1226 1025; x_wconf 81' lang='lat' dir='ltr'><strong>faciat</strong></span> <span class='ocrx_word' id='word_1_380' title='bbox 1251 995 1293 1026; x_wconf 89' lang='lat' dir='ltr'><strong>ob</strong></span> <span class='ocrx_word' id='word_1_381' title='bbox 1319 1004 1421 1027; x_wconf 86' lang='lat' dir='ltr'><strong>vocem</strong></span> 
     </span>
     <span class='ocr_line' id='line_1_68' title="bbox 805 1037 1420 1080; baseline 0.007 -12"><span class='ocrx_word' id='word_1_382' title='bbox 805 1037 1056 1076; x_wconf 80' lang='lat' dir='ltr'><strong>conservandum,</strong></span> <span class='ocrx_word' id='word_1_383' title='bbox 1084 1047 1141 1069; x_wconf 89' lang='lat' dir='ltr'><strong>non</strong></span> <span class='ocrx_word' id='word_1_384' title='bbox 1170 1039 1204 1070; x_wconf 88' lang='lat' dir='ltr'><strong>tit</strong></span> <span class='ocrx_word' id='word_1_385' title='bbox 1230 1040 1420 1080; x_wconf 77' lang='lat' dir='ltr'><strong>irregularis,</strong></span> 
     </span>
     <span class='ocr_line' id='line_1_69' title="bbox 806 1083 1420 1125; baseline 0.005 -12"><span class='ocrx_word' id='word_1_386' title='bbox 806 1085 875 1115; x_wconf 78' lang='lat' dir='ltr'><strong>cum</strong></span> <span class='ocrx_word' id='word_1_387' title='bbox 902 1083 932 1113; x_wconf 88' lang='lat' dir='ltr'><strong>id</strong></span> <span class='ocrx_word' id='word_1_388' title='bbox 954 1091 1011 1114; x_wconf 89' lang='lat' dir='ltr'><strong>non</strong></span> <span class='ocrx_word' id='word_1_389' title='bbox 1031 1083 1119 1114; x_wconf 82' lang='lat' dir='ltr'><strong>saciat</strong></span> <span class='ocrx_word' id='word_1_390' title='bbox 1143 1092 1182 1115; x_wconf 82' lang='lat' dir='ltr'><strong>ex</strong></span> <span class='ocrx_word' id='word_1_391' title='bbox 1207 1084 1420 1125; x_wconf 78' lang='lat' dir='ltr'><strong>indignatione,</strong></span> 
     </span>
     <span class='ocr_line' id='line_1_70' title="bbox 806 1128 1423 1168; baseline 0.006 -10"><span class='ocrx_word' id='word_1_392' title='bbox 806 1133 857 1159; x_wconf 89' lang='lat' dir='ltr'><strong>aut</strong></span> <span class='ocrx_word' id='word_1_393' title='bbox 880 1128 942 1158; x_wconf 86' lang='lat' dir='ltr'><strong>zelo</strong></span> <span class='ocrx_word' id='word_1_394' title='bbox 966 1128 1123 1159; x_wconf 88' lang='lat' dir='ltr'><strong>indiscreto</strong></span> <span class='ocrx_word' id='word_1_395' title='bbox 1142 1130 1304 1168; x_wconf 72' lang='lat' dir='ltr'><strong>castitatis,</strong></span> <span class='ocrx_word' id='word_1_396' title='bbox 1327 1134 1361 1161; x_wconf 89' lang='lat' dir='ltr'><strong>ut</strong></span> <span class='ocrx_word' id='word_1_397' title='bbox 1375 1138 1423 1162; x_wconf 84' lang='lat' dir='ltr'><strong>re-</strong></span> 
     </span>
     <span class='ocr_line' id='line_1_71' title="bbox 806 1172 1423 1215; baseline 0.006 -12"><span class='ocrx_word' id='word_1_398' title='bbox 806 1174 936 1214; x_wconf 85' lang='lat' dir='ltr'><strong>quiritur</strong></span> <span class='ocrx_word' id='word_1_399' title='bbox 949 1172 988 1204; x_wconf 87' lang='lat' dir='ltr'><strong>ad</strong></span> <span class='ocrx_word' id='word_1_400' title='bbox 1012 1173 1087 1204; x_wconf 88' lang='lat' dir='ltr'><strong>hanc</strong></span> <span class='ocrx_word' id='word_1_401' title='bbox 1111 1174 1423 1215; x_wconf 79' lang='lat' dir='ltr'><strong>irregularitatemin-</strong></span> 
     </span>
     <span class='ocr_line' id='line_1_72' title="bbox 806 1218 1423 1261; baseline 0.005 -12"><span class='ocrx_word' id='word_1_402' title='bbox 806 1218 1004 1254; x_wconf 76' lang='lat' dir='ltr'><strong>currendam:</strong></span> <span class='ocrx_word' id='word_1_403' title='bbox 1025 1221 1106 1249; x_wconf 77' lang='lat' dir='ltr'><strong>tanto</strong></span> <span class='ocrx_word' id='word_1_404' title='bbox 1124 1221 1217 1259; x_wconf 77' lang='lat' dir='ltr'><strong>magis</strong></span> <span class='ocrx_word' id='word_1_405' title='bbox 1230 1219 1310 1261; x_wconf 76' lang='lat' dir='ltr'><strong>quoti</strong></span> <span class='ocrx_word' id='word_1_406' title='bbox 1324 1223 1423 1252; x_wconf 82' lang='lat' dir='ltr'><strong>textus</strong></span> 
     </span>
     <span class='ocr_line' id='line_1_73' title="bbox 808 1263 1424 1307; baseline 0.008 -15"><span class='ocrx_word' id='word_1_407' title='bbox 808 1263 923 1304; x_wconf 78' lang='lat' dir='ltr'><strong>praefati</strong></span> <span class='ocrx_word' id='word_1_408' title='bbox 945 1265 1059 1293; x_wconf 78' lang='lat' dir='ltr'><strong>tantum</strong></span> <span class='ocrx_word' id='word_1_409' title='bbox 1082 1263 1241 1304; x_wconf 83' lang='lat' dir='ltr'><strong>loquantur</strong></span> <span class='ocrx_word' id='word_1_410' title='bbox 1253 1265 1291 1296; x_wconf 79' lang='lat' dir='ltr'><strong>de</strong></span> <span class='ocrx_word' id='word_1_411' title='bbox 1311 1273 1424 1307; x_wconf 85' lang='lat' dir='ltr'><strong>ampu-</strong></span> 
     </span>
     <span class='ocr_line' id='line_1_74' title="bbox 809 1307 1424 1346; baseline 0.007 -8"><span class='ocrx_word' id='word_1_412' title='bbox 809 1311 889 1338; x_wconf 86' lang='lat' dir='ltr'><strong>tante</strong></span> <span class='ocrx_word' id='word_1_413' title='bbox 909 1307 965 1338; x_wconf 85' lang='lat' dir='ltr'><strong>sibi</strong></span> <span class='ocrx_word' id='word_1_414' title='bbox 980 1308 1073 1338; x_wconf 83' lang='lat' dir='ltr'><strong>virilia</strong></span> <span class='ocrx_word' id='word_1_415' title='bbox 1086 1333 1094 1346; x_wconf 91' lang='lat'>‚</span> <span class='ocrx_word' id='word_1_416' title='bbox 1110 1317 1166 1340; x_wconf 86' lang='lat' dir='ltr'><strong>non</strong></span> <span class='ocrx_word' id='word_1_417' title='bbox 1182 1314 1282 1341; x_wconf 88' lang='lat' dir='ltr'><strong>autem</strong></span> <span class='ocrx_word' id='word_1_418' title='bbox 1298 1311 1424 1342; x_wconf 85' lang='lat' dir='ltr'><strong>testicu-</strong></span> 
     </span>
     <span class='ocr_line' id='line_1_75' title="bbox 809 1352 1423 1389; baseline 0.007 -7"><span class='ocrx_word' id='word_1_419' title='bbox 809 1352 860 1383; x_wconf 87' lang='lat' dir='ltr'><strong>los.</strong></span> <span class='ocrx_word' id='word_1_420' title='bbox 877 1368 916 1375; x_wconf 90' lang='lat'>—</span> <span class='ocrx_word' id='word_1_421' title='bbox 937 1352 1053 1383; x_wconf 61' lang='grc'><strong>448-</strong></span> <span class='ocrx_word' id='word_1_422' title='bbox 1066 1352 1152 1389; x_wconf 78' lang='lat' dir='ltr'><strong>ltem.</strong></span> <span class='ocrx_word' id='word_1_423' title='bbox 1169 1356 1249 1385; x_wconf 71' lang='lat' dir='ltr'><strong>recu)</strong></span> <span class='ocrx_word' id='word_1_424' title='bbox 1259 1355 1302 1385; x_wconf 88' lang='lat' dir='ltr'><strong>ait</strong></span> <span class='ocrx_word' id='word_1_425' title='bbox 1324 1353 1423 1386; x_wconf 77' lang='lat' dir='ltr'><strong>Tamb.</strong></span> 
     </span>
     <span class='ocr_line' id='line_1_76' title="bbox 808 1397 1425 1438; baseline 0.006 -12"><span class='ocrx_word' id='word_1_426' title='bbox 808 1397 887 1438; x_wconf 79' lang='lat' dir='ltr'><strong>quod</strong></span> <span class='ocrx_word' id='word_1_427' title='bbox 904 1398 928 1427; x_wconf 85' lang='lat' dir='ltr'><strong>si</strong></span> <span class='ocrx_word' id='word_1_428' title='bbox 942 1397 1010 1437; x_wconf 89' lang='lat' dir='ltr'><strong>quis</strong></span> <span class='ocrx_word' id='word_1_429' title='bbox 1024 1401 1147 1428; x_wconf 84' lang='lat' dir='ltr'><strong>attentet</strong></span> <span class='ocrx_word' id='word_1_430' title='bbox 1160 1407 1194 1428; x_wconf 90' lang='lat' dir='ltr'><strong>se</strong></span> <span class='ocrx_word' id='word_1_431' title='bbox 1205 1398 1339 1430; x_wconf 85' lang='lat' dir='ltr'><strong>occidere</strong></span> <span class='ocrx_word' id='word_1_432' title='bbox 1349 1423 1358 1438; x_wconf 84' lang='lat'>,</span> <span class='ocrx_word' id='word_1_433' title='bbox 1372 1403 1425 1430; x_wconf 89' lang='lat' dir='ltr'><strong>aut</strong></span> 
     </span>
     <span class='ocr_line' id='line_1_77' title="bbox 810 1441 1425 1484; baseline 0.008 -13"><span class='ocrx_word' id='word_1_434' title='bbox 810 1441 964 1479; x_wconf 81' lang='lat' dir='ltr'><strong>mutilare,</strong></span> <span class='ocrx_word' id='word_1_435' title='bbox 987 1451 1045 1473; x_wconf 90' lang='lat' dir='ltr'><strong>non</strong></span> <span class='ocrx_word' id='word_1_436' title='bbox 1073 1446 1118 1473; x_wconf 82' lang='lat' dir='ltr'><strong>est</strong></span> <span class='ocrx_word' id='word_1_437' title='bbox 1141 1443 1321 1484; x_wconf 79' lang='lat' dir='ltr'><strong>irregularis.</strong></span> <span class='ocrx_word' id='word_1_438' title='bbox 1350 1445 1425 1476; x_wconf 84' lang='lat' dir='ltr'><strong>Dicit</strong></span> 
     </span>
     <span class='ocr_line' id='line_1_78' title="bbox 809 1486 1425 1531; baseline 0.008 -15"><span class='ocrx_word' id='word_1_439' title='bbox 809 1490 907 1516; x_wconf 85' lang='lat' dir='ltr'><strong>tamen</strong></span> <span class='ocrx_word' id='word_1_440' title='bbox 919 1510 927 1524; x_wconf 87' lang='lat'>‚</span> <span class='ocrx_word' id='word_1_441' title='bbox 951 1486 1029 1526; x_wconf 75' lang='lat' dir='ltr'><strong>quod</strong></span> <span class='ocrx_word' id='word_1_442' title='bbox 1050 1487 1074 1518; x_wconf 87' lang='lat' dir='ltr'><strong>si</strong></span> <span class='ocrx_word' id='word_1_443' title='bbox 1101 1489 1169 1528; x_wconf 89' lang='lat' dir='ltr'><strong>quis</strong></span> <span class='ocrx_word' id='word_1_444' title='bbox 1187 1492 1347 1521; x_wconf 82' lang='lat' dir='ltr'><strong>attentaret</strong></span> <span class='ocrx_word' id='word_1_445' title='bbox 1365 1499 1425 1531; x_wconf 83' lang='lat' dir='ltr'><strong>pu-</strong></span> 
     </span>
     <span class='ocr_line' id='line_1_79' title="bbox 811 1526 1435 1566; baseline 0.01 -6"><span class='ocrx_word' id='word_1_446' title='bbox 811 1530 886 1560; x_wconf 77' lang='lat' dir='ltr'><strong>blice</strong></span> <span class='ocrx_word' id='word_1_447' title='bbox 908 1539 941 1561; x_wconf 83' lang='lat' dir='ltr'><strong>se</strong></span> <span class='ocrx_word' id='word_1_448' title='bbox 964 1530 1112 1562; x_wconf 81' lang='lat' dir='ltr'><strong>occidere.</strong></span> <span class='ocrx_word' id='word_1_449' title='bbox 1137 1532 1326 1564; x_wconf 81' lang='lat' dir='ltr'><strong>contraheret</strong></span> <span class='ocrx_word' id='word_1_450' title='bbox 1346 1526 1435 1566; x_wconf 76' lang='lat' dir='ltr'><strong>irre-⁸</strong></span> 
     </span>
     <span class='ocr_line' id='line_1_80' title="bbox 810 1574 1344 1615; baseline 0.009 -11"><span class='ocrx_word' id='word_1_451' title='bbox 810 1574 996 1615; x_wconf 79' lang='lat' dir='ltr'><strong>gularitatem</strong></span> <span class='ocrx_word' id='word_1_452' title='bbox 1006 1575 1046 1605; x_wconf 90' lang='lat' dir='ltr'><strong>ob</strong></span> <span class='ocrx_word' id='word_1_453' title='bbox 1056 1576 1216 1607; x_wconf 75' lang='lat' dir='ltr'><strong>infamiam.</strong></span> <span class='ocrx_word' id='word_1_454' title='bbox 1228 1593 1267 1601; x_wconf 87' lang='lat'><strong>—</strong></span> <span class='ocrx_word' id='word_1_455' title='bbox 1276 1578 1309 1609; x_wconf 81' lang='lat' dir='ltr'><strong>tl</strong></span> <span class='ocrx_word' id='word_1_456' title='bbox 1316 1578 1344 1609; x_wconf 82' lang='grc'><strong>9.</strong></span> 
     </span>
    </p>
   </div>
   <div class='ocr_carea' id='block_1_7' title="bbox 811 1639 1426 1717">
    <p class='ocr_par' dir='ltr' id='par_1_10' title="bbox 811 1639 1426 1717">
     <span class='ocr_line' id='line_1_81' title="bbox 811 1639 1426 1684; baseline 0.011 -16"><span class='ocrx_word' id='word_1_457' title='bbox 811 1639 829 1679; x_wconf 69' lang='lat'><strong>§3</strong></span> <span class='ocrx_word' id='word_1_458' title='bbox 842 1639 890 1669; x_wconf 83' lang='lat'>111.</span> <span class='ocrx_word' id='word_1_459' title='bbox 906 1655 947 1662; x_wconf 93' lang='lat'><em>-</em></span> <span class='ocrx_word' id='word_1_460' title='bbox 964 1640 1005 1670; x_wconf 68' lang='lat' dir='ltr'><strong>Dr·</strong></span> <span class='ocrx_word' id='word_1_461' title='bbox 1022 1641 1242 1681; x_wconf 72' lang='lat' dir='ltr'><strong>irreyularitaee</strong></span> <span class='ocrx_word' id='word_1_462' title='bbox 1254 1652 1298 1674; x_wconf 66' lang='grc' dir='ltr'><strong>εει)</strong></span> <span class='ocrx_word' id='word_1_463' title='bbox 1311 1643 1426 1684; x_wconf 65' lang='lat' dir='ltr'><strong>defectu</strong></span> 
     </span>
     <span class='ocr_line' id='line_1_82' title="bbox 1033 1686 1185 1717; baseline 0.007 -1"><span class='ocrx_word' id='word_1_464' title='bbox 1033 1686 1185 1717; x_wconf 77' lang='lat' dir='ltr'><strong>natalium.</strong></span> 
     </span>
    </p>
   </div>
   <div class='ocr_carea' id='block_1_8' title="bbox 812 1750 1430 2315">
    <p class='ocr_par' dir='ltr' id='par_1_11' title="bbox 812 1750 1429 1966">
     <span class='ocr_line' id='line_1_83' title="bbox 852 1750 1425 1790; baseline 0.009 -10"><span class='ocrx_word' id='word_1_465' title='bbox 852 1750 1031 1790; x_wconf 74' lang='lat' dir='ltr'><strong>lrregnlarcs</strong></span> <span class='ocrx_word' id='word_1_466' title='bbox 1044 1756 1114 1783; x_wconf 88' lang='lat' dir='ltr'><strong>sunt</strong></span> <span class='ocrx_word' id='word_1_467' title='bbox 1124 1753 1163 1784; x_wconf 88' lang='lat' dir='ltr'><strong>ob</strong></span> <span class='ocrx_word' id='word_1_468' title='bbox 1179 1753 1327 1785; x_wconf 81' lang='lat' dir='ltr'><strong>desectum</strong></span> <span class='ocrx_word' id='word_1_469' title='bbox 1339 1757 1425 1785; x_wconf 80' lang='lat' dir='ltr'><strong>nata-</strong></span> 
     </span>
     <span class='ocr_line' id='line_1_84' title="bbox 813 1793 1427 1837; baseline 0.007 -13"><span class='ocrx_word' id='word_1_470' title='bbox 813 1793 888 1825; x_wconf 77' lang='lat' dir='ltr'><strong>lium</strong></span> <span class='ocrx_word' id='word_1_471' title='bbox 906 1804 1009 1827; x_wconf 87' lang='lat' dir='ltr'><strong>omnes</strong></span> <span class='ocrx_word' id='word_1_472' title='bbox 1020 1797 1160 1837; x_wconf 75' lang='lat' dir='ltr'><strong>illegitimi</strong></span> <span class='ocrx_word' id='word_1_473' title='bbox 1174 1807 1210 1828; x_wconf 87' lang='lat' dir='ltr'><strong>eo</strong></span> <span class='ocrx_word' id='word_1_474' title='bbox 1222 1798 1301 1837; x_wconf 66' lang='lat' dir='ltr'><strong>quod</strong></span> <span class='ocrx_word' id='word_1_475' title='bbox 1315 1799 1427 1828; x_wconf 87' lang='lat' dir='ltr'><strong>ratione</strong></span> 
     </span>
     <span class='ocr_line' id='line_1_85' title="bbox 812 1839 1428 1881; baseline 0.005 -12"><span class='ocrx_word' id='word_1_476' title='bbox 812 1839 932 1879; x_wconf 80' lang='lat' dir='ltr'><strong>originis</strong></span> <span class='ocrx_word' id='word_1_477' title='bbox 939 1845 1115 1881; x_wconf 85' lang='lat' dir='ltr'><strong>reputentur</strong></span> <span class='ocrx_word' id='word_1_478' title='bbox 1125 1841 1210 1878; x_wconf 68' lang='lat' dir='ltr'><strong>viles:</strong></span> <span class='ocrx_word' id='word_1_479' title='bbox 1222 1845 1252 1872; x_wconf 87' lang='lat' dir='ltr'><strong>ct</strong></span> <span class='ocrx_word' id='word_1_480' title='bbox 1264 1841 1318 1871; x_wconf 85' lang='lat' dir='ltr'><strong>boc</strong></span> <span class='ocrx_word' id='word_1_481' title='bbox 1324 1842 1428 1872; x_wconf 86' lang='lat' dir='ltr'><strong>etiam-</strong></span> 
     </span>
     <span class='ocr_line' id='line_1_86' title="bbox 813 1884 1429 1920; baseline 0.003 -6"><span class='ocrx_word' id='word_1_482' title='bbox 813 1884 837 1914; x_wconf 83' lang='lat' dir='ltr'><strong>si</strong></span> <span class='ocrx_word' id='word_1_483' title='bbox 851 1884 910 1915; x_wconf 87' lang='lat' dir='ltr'><strong>sint</strong></span> <span class='ocrx_word' id='word_1_484' title='bbox 928 1884 1048 1920; x_wconf 76' lang='lat' dir='ltr'><strong>occulti.</strong></span> <span class='ocrx_word' id='word_1_485' title='bbox 1070 1889 1104 1915; x_wconf 91' lang='lat' dir='ltr'><strong>ut</strong></span> <span class='ocrx_word' id='word_1_486' title='bbox 1116 1886 1309 1916; x_wconf 72' lang='lat' dir='ltr'><strong>communiter</strong></span> <span class='ocrx_word' id='word_1_487' title='bbox 1321 1884 1429 1917; x_wconf 82' lang='lat' dir='ltr'><strong>docent</strong></span> 
     </span>
     <span class='ocr_line' id='line_1_87' title="bbox 813 1929 1098 1966; baseline 0.004 -8"><span class='ocrx_word' id='word_1_488' title='bbox 813 1929 883 1959; x_wconf 83' lang='lat' dir='ltr'><strong>Bon.</strong></span> <span class='ocrx_word' id='word_1_489' title='bbox 894 1951 903 1966; x_wconf 90' lang='lat'><em>,</em></span> <span class='ocrx_word' id='word_1_490' title='bbox 913 1932 966 1959; x_wconf 78' lang='lat' dir='ltr'><strong>etc.</strong></span> <span class='ocrx_word' id='word_1_491' title='bbox 978 1944 1019 1951; x_wconf 90' lang='lat'><strong>—-</strong></span> <span class='ocrx_word' id='word_1_492' title='bbox 1032 1929 1098 1959; x_wconf 66' lang='grc' dir='ltr'><strong>ΗΟ.</strong></span> 
     </span>
    </p>

    <p class='ocr_par' dir='ltr' id='par_1_12' title="bbox 813 1972 1430 2279">
     <span class='ocr_line' id='line_1_88' title="bbox 852 1972 1428 2016; baseline 0.01 -15"><span class='ocrx_word' id='word_1_493' title='bbox 852 1972 937 2003; x_wconf 82' lang='lat' dir='ltr'><strong>Tales</strong></span> <span class='ocrx_word' id='word_1_494' title='bbox 955 1977 1054 2003; x_wconf 86' lang='lat' dir='ltr'><strong>autem</strong></span> <span class='ocrx_word' id='word_1_495' title='bbox 1077 1976 1226 2006; x_wconf 79' lang='lat' dir='ltr'><strong>communi</strong></span> <span class='ocrx_word' id='word_1_496' title='bbox 1243 1976 1312 2015; x_wconf 78' lang='lat' dir='ltr'><strong>jure</strong></span> <span class='ocrx_word' id='word_1_497' title='bbox 1335 1976 1428 2016; x_wconf 80' lang='lat' dir='ltr'><strong>legiti-</strong></span> 
     </span>
     <span class='ocr_line' id='line_1_89' title="bbox 813 2013 1428 2055; baseline 0.01 -13"><span class='ocrx_word' id='word_1_498' title='bbox 813 2017 931 2043; x_wconf 87' lang='lat' dir='ltr'><strong>mnntur</strong></span> <span class='ocrx_word' id='word_1_499' title='bbox 955 2013 986 2042; x_wconf 72' lang='lat'><strong>⁴⁰</strong></span> <span class='ocrx_word' id='word_1_500' title='bbox 999 2013 1053 2043; x_wconf 89' lang='lat' dir='ltr'><strong>l’er</strong></span> <span class='ocrx_word' id='word_1_501' title='bbox 1073 2015 1259 2055; x_wconf 76' lang='lat' dir='ltr'><strong>subsequens</strong></span> <span class='ocrx_word' id='word_1_502' title='bbox 1277 2018 1428 2047; x_wconf 70' lang='lat' dir='ltr'><strong>Matrimo-</strong></span> 
     </span>
     <span class='ocr_line' id='line_1_90' title="bbox 813 2058 1428 2100; baseline 0.008 -13"><span class='ocrx_word' id='word_1_503' title='bbox 813 2058 894 2087; x_wconf 87' lang='lat' dir='ltr'><strong>nium</strong></span> <span class='ocrx_word' id='word_1_504' title='bbox 915 2058 992 2087; x_wconf 88' lang='lat' dir='ltr'><strong>inter</strong></span> <span class='ocrx_word' id='word_1_505' title='bbox 1004 2066 1107 2088; x_wconf 88' lang='lat' dir='ltr'><strong>eorum</strong></span> <span class='ocrx_word' id='word_1_506' title='bbox 1122 2064 1275 2100; x_wconf 78' lang='lat' dir='ltr'><strong>parentes,</strong></span> <span class='ocrx_word' id='word_1_507' title='bbox 1292 2060 1378 2092; x_wconf 77' lang='lat' dir='ltr'><strong>modo</strong></span> <span class='ocrx_word' id='word_1_508' title='bbox 1399 2061 1428 2091; x_wconf 75' lang='lat' dir='ltr'><strong>tii</strong></span> 
     </span>
     <span class='ocr_line' id='line_1_91' title="bbox 813 2104 1430 2145; baseline 0.008 -14"><span class='ocrx_word' id='word_1_509' title='bbox 813 2106 945 2142; x_wconf 86' lang='lat' dir='ltr'><strong>tempore</strong></span> <span class='ocrx_word' id='word_1_510' title='bbox 960 2104 1158 2143; x_wconf 82' lang='lat' dir='ltr'><strong>conceptionis</strong></span> <span class='ocrx_word' id='word_1_511' title='bbox 1171 2106 1321 2145; x_wconf 84' lang='lat' dir='ltr'><strong>potuerint</strong></span> <span class='ocrx_word' id='word_1_512' title='bbox 1334 2104 1430 2136; x_wconf 75' lang='lat' dir='ltr'><strong>valido</strong></span> 
     </span>
     <span class='ocr_line' id='line_1_92' title="bbox 813 2145 1429 2191; baseline 0.008 -16"><span class='ocrx_word' id='word_1_513' title='bbox 813 2145 996 2176; x_wconf 81' lang='lat' dir='ltr'><strong>contrahere.</strong></span> <span class='ocrx_word' id='word_1_514' title='bbox 1019 2163 1060 2169; x_wconf 97' lang='lat'><strong>—</strong></span> <span class='ocrx_word' id='word_1_515' title='bbox 1087 2148 1153 2178; x_wconf 69' lang='lat'><strong>42⁴.</strong></span> <span class='ocrx_word' id='word_1_516' title='bbox 1176 2164 1217 2172; x_wconf 86' lang='lat'>-</span> <span class='ocrx_word' id='word_1_517' title='bbox 1241 2150 1274 2180; x_wconf 81' lang='lat'><strong>2·</strong></span> <span class='ocrx_word' id='word_1_518' title='bbox 1289 2150 1343 2180; x_wconf 82' lang='lat' dir='ltr'><strong>Per</strong></span> <span class='ocrx_word' id='word_1_519' title='bbox 1356 2158 1429 2191; x_wconf 86' lang='lat' dir='ltr'><strong>pro-</strong></span> 
     </span>
     <span class='ocr_line' id='line_1_93' title="bbox 816 2190 1429 2234; baseline 0.007 -13"><span class='ocrx_word' id='word_1_520' title='bbox 816 2192 968 2221; x_wconf 52' lang='lat' dir='ltr'><strong>sessionem</strong></span> <span class='ocrx_word' id='word_1_521' title='bbox 1007 2190 1196 2230; x_wconf 65' lang='lat' dir='ltr'><strong>Religiosam,</strong></span> <span class='ocrx_word' id='word_1_522' title='bbox 1228 2194 1364 2234; x_wconf 80' lang='lat' dir='ltr'><strong>quamvis</strong></span> <span class='ocrx_word' id='word_1_523' title='bbox 1390 2192 1429 2225; x_wconf 75' lang='lat' dir='ltr'><strong>ed</strong></span> 
     </span>
     <span class='ocr_line' id='line_1_94' title="bbox 815 2236 1430 2279; baseline 0.005 -13"><span class='ocrx_word' id='word_1_524' title='bbox 815 2236 970 2277; x_wconf 71' lang='lat' dir='ltr'><strong>dignitates</strong></span> <span class='ocrx_word' id='word_1_525' title='bbox 983 2236 1014 2267; x_wconf 88' lang='lat' dir='ltr'><strong>in</strong></span> <span class='ocrx_word' id='word_1_526' title='bbox 1024 2236 1172 2277; x_wconf 77' lang='lat' dir='ltr'><strong>Religione</strong></span> <span class='ocrx_word' id='word_1_527' title='bbox 1191 2239 1356 2279; x_wconf 82' lang='lat' dir='ltr'><strong>promoveri</strong></span> <span class='ocrx_word' id='word_1_528' title='bbox 1370 2247 1430 2270; x_wconf 90' lang='lat' dir='ltr'><strong>non</strong></span> 
     </span>
    </p>

    <p class='ocr_par' dir='ltr' id='par_1_13' title="bbox 1231 2285 1270 2315">
     <span class='ocr_line' id='line_1_95' title="bbox 1231 2285 1270 2315; baseline 0 0"><span class='ocrx_word' id='word_1_529' title='bbox 1231 2285 1270 2315; x_wconf 71' lang='lat'><strong>⁴9</strong></span> 
     </span>
    </p>
   </div>
  </div>
 </body>
</html>
