1617 2892
440 401 480 427 DE
501 403 700 427 ΙΑΤΜΙΟΙΙΟ.

220 462 490 504 moabitis-simum
507 464 547 495 ait

208 518 267 540 non
284 509 395 539 incurri
412 517 516 550 poenas
528 510 546 539 a

208 554 217 583 i
240 553 407 593 impositas,
428 552 547 594 quando

208 598 264 636 riae,
279 598 397 637 scilicet,
410 607 479 638 quae
493 607 547 637 per

208 651 220 673 ι
244 642 363 682 quidem
389 641 548 683 praevideri

208 687 250 718 ιιίε
270 688 381 728 pariter
396 686 548 726 probabile

208 731 242 761 ab
255 731 459 771 ignorantibus
473 731 549 761 hanc

208 778 244 806 ἰὸ
255 776 372 807 videtur
382 775 548 806 extraordi-

208 830 229 851 θ
243 820 399 861 praevideri
411 825 546 861 nequeat.

208 918 241 941 an
263 909 302 941 ad
319 909 548 941 contrahendam

208 955 299 984 iratur
329 958 361 984 ut
384 954 488 994 copula
510 962 549 985 ex

208 998 449 1029 2consummata?

226 1046 272 1073 est
288 1042 399 1082 requiri
419 1041 549 1073 semina-

208 1086 289 1117 ·uoad
325 1087 549 1117 seminationem

208 1134 270 1161 bnt.
278 1156 285 1169 ,
298 1135 350 1161 etc.
360 1155 366 1162 .
378 1134 482 1170 neqant
496 1139 549 1161 re-

210 1181 254 1207 tes
273 1175 311 1206 ad
331 1176 549 1215 generationem

210 1221 306 1251 arium
334 1229 435 1251 semen
460 1220 551 1250 semi-

209 1274 239 1302 t.,
258 1268 328 1295 vero
342 1266 428 1296 etiam
440 1265 551 1304 proba-

209 1311 331 1350 requiri,
343 1309 474 1340 dicentes
487 1317 551 1340 essa

215 1355 433 1394 generationem
452 1363 551 1385 semen

209 1404 315 1430 'ei-tunt
337 1399 456 1436 Sanch.,
478 1403 529 1430 etc.
543 1424 551 1438 ‚

209 1443 417 1475 aesumendum
439 1448 483 1475 est
498 1453 552 1484 pro

209 1491 256 1519 mo
272 1491 350 1519 recte
368 1488 440 1519 dicit
461 1488 550 1518 Elboel.

209 1543 274 1564 zrno
286 1558 293 1571 ,
318 1534 368 1564 ubi
384 1537 498 1564 constat
515 1533 553 1563 de

209 1577 429 1608 ¹onuntiandum
440 1582 486 1608 est
500 1587 553 1618 pro

209 1623 317 1653 initatis
335 1627 502 1660 conti-actm
523 1626 553 1653 et

209 1667 284 1697 dum
305 1668 333 1697 in
349 1668 411 1697 soro
422 1668 551 1705 interno,

213 1713 261 1742 oni
283 1712 336 1742 fori
353 1713 469 1742 externi
483 1721 553 1742 con-

209 1766 308 1797 emper
322 1765 357 1786 ac
370 1766 427 1787 non
440 1760 555 1787 constat

210 1824 216 1830 .
233 1817 271 1823 —
288 1801 372 1831 1075.

213 1846 258 1875 uis
280 1846 371 1884 possit
383 1844 554 1886 dispensare

210 1894 270 1920 §nto
279 1888 295 1919 Ρ

210 1941 262 1968 unt
275 1937 370 1968 solum
388 1938 554 1968 Pontificem

210 1991 255 2012 ›so
276 1982 365 2012 suerit
385 1981 449 2012 haeo
468 1990 556 2022 poena

210 2040 213 2055 l
234 2025 305 2056 verb
321 2025 556 2056 communissima

213 2079 265 2110 per
282 2075 313 2100 et
325 2069 458 2100 absolute
471 2070 554 2110 Epis-

210 2124 246 2150 ·e‚
270 2115 381 2144 ratione
395 2118 555 2144 consuetu-

210 2159 355 2189 icultatem
372 2168 457 2199 posse
469 2158 554 2188 alteri

210 2204 281 2234 ilum
308 2204 337 2234 in
364 2203 553 2244 particulari,

210 2248 302 2279 ierali.
326 2248 399 2278 Vide
416 2257 445 2278 n.
471 2249 553 2278 1¹25.

210 2297 268 2323 .unt
281 2293 369 2323 etiam
385 2293 415 2323 in
429 2293 483 2323 hoc
498 2293 557 2323 im-

211 2346 297 2368 nsare
317 2346 420 2368 omnes
433 2337 557 2368 Confes-

210 2380 434 2419 lendicantium,
454 2383 471 2412 a
487 2381 555 2411 Pro-

210 2434 226 2455 c
236 2434 345 2457 munus
354 2425 502 2467 deputati,
517 2435 556 2457 ex

211 2478 310 2505 iloenli.
318 2479 424 2506 ltirect‘e
433 2480 510 2506 Salui.
523 2493 557 2501 —

1146 392 1212 427 085

599 462 736 504 pluribus
749 462 910 504 privilegiis
920 464 1027 504 nempe
1039 462 1162 495 Martini
1175 463 1213 502 X,

598 512 650 539 ete.
665 507 747 538 Idem
766 507 952 548 privilegium
965 517 1143 539 concessum·
1156 507 1216 541 So-

600 552 698 583 cietati
712 552 797 590 lesu,
817 551 904 583 affert
918 552 979 583 Pal.
991 568 1033 576 —
1046 552 1134 584 ⁴076.

640 597 722 627 Nota.
750 596 964 628 contrahentes
994 597 1120 629 scienter
1147 606 1216 630 cum

600 637 810 681 immimento
828 641 1087 682 consanguinitatis
1100 642 1147 674 vel
1165 644 1217 674 ai*-

601 685 722 716 finitatis
752 685 908 716 incurrunt
937 687 1217 718 excommunicatio-

602 738 669 760 nem
689 729 754 769 ipso
772 730 857 760 facto.
879 730 916 761 Et
929 730 1007 762 idem
1022 731 1162 762 statuitur
1179 731 1218 763 de

601 773 772 812 Religiosis,
794 773 967 805 Monialibus
989 779 1021 805 at
1043 774 1166 807 Clericis
1186 776 1217 807 in

601 818 700 849 Sacris
717 819 884 850 constitutis
904 819 1120 851 Matrimonium
1141 829 1218 851 con-

602 861 802 898 trahentibus,
818 863 870 902 qui
886 863 1008 903 insuper
1025 863 1218 896 denuntiandi

601 910 672 937 sunt
697 915 737 938 ex
763 906 867 937 Edicto
893 907 1024 947 Inquisit.
1055 908 1217 940 Generalis.

603 950 683 981 ldem
702 951 844 981 statuitur
869 949 908 981 do
934 950 1015 982 laicis
1038 951 1220 984 nubentibus

602 1003 670 1025 cum
702 994 882 1025 Moniatibus.
913 994 987 1025 cum
1021 1000 1120 1027 autem
1154 997 1219 1029 haeo

602 1047 690 1079 poena
698 1038 739 1069 sit
747 1037 860 1076 odiosa,
875 1041 955 1070 recte
964 1039 1036 1070 dicit
1045 1041 1143 1072 croix
1151 1050 1218 1077 eam

602 1091 662 1113 non
693 1081 815 1113 extendi
849 1081 889 1112 ad
921 1082 979 1113 alia
1009 1082 1218 1124 impedimenta

603 1228 621 1267 ς
635 1226 711 1258 xm.
722 1243 762 1252 -
775 1229 817 1259 De
834 1228 1038 1304 imztiimento
1050 1231 1221 1264 mandasti-

861 1282 891 1304 m
936 1282 970 1304 ts.

644 1352 718 1385 ntud
737 1354 979 1395 impedimentum
997 1355 1221 1388 clandestinita-

606 1396 644 1427 tis
668 1397 786 1436 irritat,
810 1407 849 1429 ex
871 1398 1048 1436 Tridenciiw,
1070 1400 1222 1431 Matrimo-

605 1441 653 1471 nia
662 1450 764 1472 eorum
778 1442 831 1482 qui
844 1442 1022 1474 contrahunt
1035 1443 1121 1476 aliter
1130 1447 1220 1486 quam

605 1487 704 1515 coram
718 1486 848 1517 Paroeho
857 1510 865 1525 ‚
880 1486 926 1517 vel
939 1487 996 1518 alio
1011 1488 1170 1520 Sacerdote
1182 1489 1220 1520 da

606 1530 697 1570 ipsius
716 1530 762 1561 vel
782 1530 931 1562 Ordinarii
945 1531 1075 1572 licentia,
1094 1538 1127 1565 et
1138 1533 1221 1565 duo-

607 1574 662 1605 bus
688 1574 727 1605 ad
755 1575 910 1607 minimum
933 1576 1078 1616 testibus;
1099 1578 1221 1619 vultque

604 1620 733 1659 graviter
762 1621 859 1661 puniri
878 1629 929 1652 eos
958 1622 1010 1661 qui
1032 1624 1135 1652 contra
1166 1622 1222 1653 boc

606 1666 823 1703 contraxerint,
845 1664 892 1694 vel
909 1665 1000 1696 etiam
1021 1665 1221 1699 interfuerint.

607 1724 647 1733 -
661 1709 749 1740 ⁴078.

649 1754 728 1784 Unde
742 1765 752 1784 .-

647 1798 678 1829 ⁴·
694 1798 843 1838 infideles,
863 1805 916 1832 aut
928 1800 1028 1833 fideles
1041 1803 1092 1843 qui
1107 1807 1177 1835 sunt
1191 1803 1223 1834 in

607 1843 670 1874 loco
691 1843 740 1874 ubi
762 1853 820 1875 non
834 1848 880 1876 ast
899 1851 1051 1887 receptum
1075 1847 1223 1878 Tridenti-

605 1896 694 1924 num,
708 1887 803 1919 valide
815 1889 994 1921 contrahunt
1009 1891 1074 1922 sine
1090 1900 1224 1932 prasen-

607 1932 647 1962 tia
660 1932 780 1963 Parochi
800 1937 832 1963 et
853 1935 991 1973 testium;
1013 1938 1081 1967 cum
1097 1937 1145 1967 lex
1158 1936 1222 1967 sal-

610 1980 669 2008 tem
693 1986 747 2017 per
772 1976 876 2009 decem
902 1986 997 2013 anuos
1022 1988 1082 2010 non
1104 1984 1224 2020 recepta

610 2030 668 2052 non
681 2022 798 2062 obliget.

648 2067 680 2097 2⁶
707 2067 836 2099 invalide
858 2070 1055 2107 contrahunt.
1081 2070 1170 2101 etiam
1192 2070 1223 2100 in

607 2119 678 2142 casu
695 2114 893 2150 necessitatis,
910 2115 1010 2145 fideles
1028 2114 1079 2153 qui
1099 2117 1168 2144 sunt
1192 2113 1224 2143 in

609 2154 670 2186 loco
691 2155 742 2186 ubi
763 2162 913 2197 receptum
936 2162 982 2188 est
1008 2157 1223 2194 Tridentinmn,

607 2200 677 2239 quia
704 2202 863 2231 necessitas
889 2210 947 2231 non
977 2204 1072 2241 potest
1099 2199 1224 2231 reddero

610 2244 721 2275 habiles
733 2254 784 2275 eos
796 2253 871 2285 quos
894 2245 1095 2276 Tridentinum
1105 2246 1225 2276 omniuo

610 2288 753 2319 inhabiles
782 2289 960 2328 deelaravit;
988 2293 1019 2321 et
1049 2289 1104 2321 boc
1130 2290 1225 2320 currit

609 2333 722 2363 etiamsi
751 2333 967 2364 Matrimonium
987 2338 1065 2365 esset
1084 2339 1225 2364 contrac—

610 2381 673 2407 tum
698 2385 766 2407 cum
789 2377 951 2417 ignorantia
975 2377 1145 2408 invincibili.
1168 2378 1224 2408 Di-

609 2425 680 2452 cunt
694 2424 793 2452 tamen
806 2421 923 2462 Laym„
933 2422 1017 2460 Gon„
1036 2421 1144 2459 Groiae,
1155 2426 1224 2460 etc„

609 2464 688 2506 quod
708 2466 732 2496 si
757 2474 816 2496 non
836 2466 928 2507 possit
946 2465 978 2496 in
996 2465 1095 2506 aliquo
1117 2464 1226 2507 oppido

609 2509 712 2541 haberi
728 2511 848 2550 Pastor,
870 2514 921 2541 aut
938 2510 1013 2541 alius
1031 2520 1140 2550 gerens
1161 2512 1226 2551 ejus
