1617 2892
532 385 569 408 m:
581 382 898 407 unauna-uncum&

85 446 156 485 ibex
177 450 297 493 pennati.
328 448 376 480 ita
408 448 439 479 s.
476 445 589 486 rhem„
616 445 689 477 1³21-

90 491 164 525 lawn.
177 519 185 534 ,
207 498 260 526 etc.

125 545 268 583 Qum-itur
292 543 324 574 Ρ
347 551 386 574 an
410 545 528 585 peccata
554 540 687 572 mortalia

95 586 147 625 huic
164 588 280 619 infirmo
305 587 495 619 remittantur
511 594 566 626 per
579 594 611 616 se
622 608 630 622 ‚
643 585 688 615 vel

94 631 278 673 peraccidens
292 630 308 660 ?

123 690 150 721 ll.
161 705 202 712 —
214 689 317 720 Prima
333 687 474 719 sententia
494 687 565 718 dicit
580 686 689 718 remitti

89 742 135 775 par
150 733 304 770 accidens;
319 733 389 773 quia
408 734 479 765 cnm
499 732 555 763 hoo
578 732 618 763 sit
633 732 691 762 Sa-

88 782 261 810 cramentum
280 778 414 808 vivorum
429 800 438 816 ,
454 786 512 808 non
526 780 622 817 potest
636 776 691 807 nisi

88 823 279 865 peraocidens
299 821 433 853 mortalia
451 820 560 852 delere.
574 837 615 844 —
633 822 691 851 Se-
715 850 716 855 ,

86 867 173 898 wida
195 870 268 899 verb
292 866 433 898 sententia
454 865 635 905 probabilior
661 869 692 895 et

87 911 256 943 munior
271 910 344 942 dicit
362 911 535 942 Extremam
545 910 693 940 -Unctio-

88 964 148 987 nem
169 955 321 986 remittere
343 954 479 985 mortalia
504 963 558 995 per
580 953 691 990 seretsi

89 1002 313 1040 &sequentem
329 998 398 1039 quia
419 997 487 1029 licet
508 998 563 1028 hoc
582 998 693 1028 Sacra-

91 1047 210 1074 neutum
238 1043 278 1074 ait
303 1043 437 1073 vivorum
453 1066 462 1080 ,
482 1046 611 1072 attamen
626 1065 634 1079 ,
655 1050 694 1071 ex

92 1086 260 1118 institutione
276 1086 375 1117 divina
393 1110 401 1123 ,
416 1090 535 1127 peccata
552 1086 693 1122 remittit,

95 1135 122 1162 ut
131 1136 206 1173 patet
215 1140 255 1163 ax
264 1131 365 1162 verbis
374 1131 506 1171 Apostoli
517 1155 525 1168 ,
540 1135 573 1161 ut
583 1132 671 1172 supra
685 1154 692 1169 ‚

95 1179 121 1206 et
135 1176 322 1207 confirmatur
349 1185 388 1206 ex
414 1175 578 1205 Tridentino
592 1185 601 1203 :
627 1185 640 1203 α
662 1175 692 1205 Si

97 1228 111 1248 a
123 1221 181 1260 quis
187 1219 298 1251 dixerit
304 1227 419 1251 sacram
427 1219 611 1250 infirmorum
623 1228 694 1250 unc-

99 1271 112 1291 ·
124 1264 221 1294 tionem
245 1272 304 1298 non
327 1264 462 1294 conferre
481 1264 625 1303 gratiam,
640 1271 695 1293 neo

100 1308 265 1339 »remittere
298 1313 417 1349 peccata
438 1332 446 1346 ,
470 1316 525 1338 nec
557 1307 695 1338 alleviare

101 1360 114 1379 υ
127 1352 248 1384 infirmos
258 1376 266 1391 ‚
281 1353 436 1391 anathema
450 1353 497 1383 sit.
513 1362 527 1381 ι
541 1368 582 1375 --
596 1352 628 1383 ln
641 1352 696 1383 hoc

100 1401 182 1428 autem
200 1396 343 1428 differunt
363 1398 529 1437 Baptismus
545 1400 576 1427 et
593 1397 695 1427 Poeni-

100 1441 175 1473 tatia
185 1441 226 1473 ab
237 1441 550 1478 Extrema—Unctione‚
566 1440 634 1481 quia
648 1439 695 1470 illa

101 1485 282 1528 principaliter
301 1487 435 1522 instituta
448 1485 573 1523 suntad
592 1485 696 1516 delen·

100 1528 157 1561 hm
166 1537 315 1574 peccatum
329 1531 459 1571 actuale,
474 1530 522 1561 vel
536 1529 694 1570 originale;

100 1571 220 1608 Extrenn
258 1579 328 1607 vero
361 1576 464 1608 Unctio
496 1574 696 1616 principaliter

101 1623 137 1649 nt
157 1621 287 1653 instituta
318 1621 358 1652 ad
390 1620 531 1652 tollendas
558 1620 697 1660 reliquias

102 1670 269 1701 peccatorum
284 1690 292 1704 ‚
319 1667 425 1706 nempe
447 1664 647 1702 debilitatem,
666 1669 696 1695 et

101 1706 306 1750 ineptitudinem
321 1735 329 1749 ‚
346 1719 415 1750 quae
436 1719 475 1741 ex
495 1714 614 1750 peccato
641 1717 697 1739 ac-

103 1753 158 1800 !mli
182 1755 415 1795 relinquuntur3
439 1754 492 1786 sed
519 1755 587 1794 quia
603 1778 610 1792 ,
628 1759 695 1784 oum

101 1802 126 1826 ¹³
147 1799 238 1831 anima
268 1799 420 1840 reperitur
441 1805 613 1839 peccatum,
638 1807 696 1829 non

101 1846 206 1878 'munt
237 1843 298 1874 tolli
339 1843 471 1883 reliquiae
490 1867 499 1882 ,
531 1843 587 1874 nisi
615 1843 697 1884 prius

101 1883 201 1918 utatur
226 1891 379 1929 peccatum
394 1911 402 1926 ‚
430 1887 496 1919 ideo
525 1897 564 1919 ex
591 1897 696 1918 conse—

100 1933 188 2007 ml:
205 1932 262 1964 hoo
290 1933 516 1964 Sacramentum
543 1937 696 1973 peccatum

101 2030 105 2035 ’
129 2032 278 2071 Οηωνίἰω·
293 2036 327 2066 8⁰
342 2044 380 2067 an
395 2035 564 2076 principalis
576 2035 698 2066 effectus

100 2069 173 2115 hius
184 2078 368 2110 Sacramenti
386 2082 425 2111 sit
440 2080 573 2111 remissio
587 2089 697 2120 pecca-

100 2118 181 2153 hrum
193 2123 298 2154 saltem
313 2124 470 2155 venialium
480 2125 497 2154 ‘1

129 2179 159 2210 Β.
171 2195 213 2203 —
225 2179 383 2221 Affirmant
395 2180 479 2211 Holz.
491 2203 499 2218 ‚
518 2184 570 2212 etc.
584 2196 625 2205 —
638 2179 697 2211 Sed

96 2220 134 2261 alii
148 2225 385 2255 communissime
400 2229 431 2256 et
446 2225 631 2265 probabilia*
646 2224 698 2255 di-

94 2272 155 2299 cunt
167 2269 360 2311 principalem
374 2269 510 2300 effectum
531 2270 619 2309 huJ'us
637 2269 698 2300 Sa-

91 2313 226 2344 cramenti
239 2322 306 2344 esse
317 2314 467 2344 remittere
478 2313 616 2354 reliquias
628 2322 699 2354 pec-

92 2362 216 2389 ntorum
228 2382 236 2395 ,
261 2363 294 2389 ut
312 2360 401 2398 supra
413 2383 421 2396 ‚
438 2367 507 2389 nam
519 2383 527 2397 ,
542 2359 633 2397 alias,
648 2359 699 2398 qui

1291 371 1358 404 (515

956 444 1074 482 CAPUT
1094 446 1141 478 ῙῙῙ.

847 511 882 537 De
893 511 998 537 mni-tro
1013 511 1084 544 huju·
1095 511 1247 539 §ammi-1.

782 577 912 607 Minister
933 576 1020 615 hujus
1036 576 1218 607 sacramenti
1239 580 1285 608 est
1301 587 1357 609 so-

718 637 719 641 =
742 621 788 652 lus
808 620 953 652 Sacerdos
977 622 1114 661 proprius
1128 645 1135 658 ‚
1157 622 1220 652 sive
1233 626 1333 662 pastor
1346 646 1354 661 ,

742 666 805 696 sine
822 666 908 705 cujus
925 667 1007 696 venia
1021 689 1028 703 ,
1050 667 1074 695 si
1093 667 1178 696 extra
1194 666 1357 696 necessita-

744 713 802 739 tem
823 709 899 739 alius
920 708 992 747 det,
1007 708 1136 739 validum
1155 708 1356 749 quidemest,

743 754 794 786 sed
806 755 936 794 graviter
951 760 1060 795 peccat.
1074 754 1166 795 δρία,
1180 754 1251 791 Set„
1262 754 1356 795 eona,

744 799 943 831 communiter.
955 815 994 822 —
1008 799 1076 831 722.

786 844 866 875 Unde
877 854 887 874 :

785 889 818 918 ⁴⁰
832 888 863 918 ln
876 888 1062 926 necessitate,
1075 893 1108 919 ut
1118 890 1142 919 si
1153 893 1253 930 pastor
1264 890 1356 929 absit,

746 931 791 962 vel
814 932 887 963 dare
912 932 1001 969 nolit,
1026 942 1080 963 nec
1103 933 1243 973 Superior
1267 934 1358 975 possit

745 976 821 1006 adiri
841 985 894 1016 pro
914 976 1039 1016 petenda
1060 976 1174 1007 licentia
1186 1001 1193 1015 ,
1209 976 1286 1007 licite
1299 977 1358 1007 mi-

746 1022 853 1052 nistrat
871 1022 968 1061 quivis
989 1031 1045 1052 non
1065 1022 1335 1053 excommunicatus
1349 1044 1356 1058 .

746 1070 798 1096 aut
807 1074 985 1105 suspensus,
1001 1067 1090 1096 etiam
1105 1066 1265 1106 Regularis.
1276 1066 1358 1097 Cen—

746 1115 829 1141 setur
842 1111 921 1140 enim
942 1116 1011 1140 tunc
1027 1111 1103 1151 Papa
1119 1110 1192 1141 dare
1202 1110 1357 1141 licentiam.

747 1156 847 1191 Smin,
862 1158 924 1191 etc„
941 1156 1142 1186 communiter.
1156 1171 1198 1178 -
1209 1155 1280 1186 723.

786 1201 818 1229 2⁰
848 1199 962 1230 Sufficit
987 1199 1131 1231 Sacerdos
1158 1200 1222 1231 sine
1251 1200 1360 1238 minis-

746 1249 843 1275 trante
875 1244 907 1275 in
940 1245 1112 1275 necessitate
1129 1268 1137 1283 ,
1164 1253 1220 1274 nec
1252 1245 1358 1274 femina

745 1289 912 1320 adhibenda
935 1294 980 1320 est
994 1299 1002 1328 ;
1016 1289 1095 1329 quod
1117 1290 1141 1320 si
1166 1293 1266 1319 tamen
1284 1288 1336 1320 fiat
1349 1311 1358 1328 ,

747 1334 860 1365 veniale
872 1343 937 1365 esse
948 1333 1033 1364 docet
1050 1334 1149 1371 Quint.
1292 1342 1295 1345 ·

788 1381 820 1410 3⁰
848 1380 1012 1409 ministrare
1050 1378 1104 1409 hoo
1130 1379 1356 1409 Sacramentum

747 1425 810 1456 sine
835 1424 969 1455 ministro
988 1448 996 1462 ,
1025 1422 1137 1454 nullum
1162 1431 1227 1454 esse
1254 1431 1357 1463 pecca-

748 1475 810 1499 tum
827 1493 835 1505 ‚
855 1469 944 1499 etiam
971 1469 1083 1498 remota
1107 1468 1298 1506 necessitate,
1312 1467 1360 1502 di-

747 1517 819 1543 cunt
832 1512 911 1548 Bm,
925 1517 977 1543 etc.
990 1526 1030 1534 ·—
1040 1512 1098 1543 Sed
1109 1511 1293 1552 probabili&
1302 1521 1360 1543 non

747 1564 890 1588 excusant
903 1559 920 1586 a
935 1555 1038 1587 veniali
1051 1555 1146 1592 Dian„
1158 1560 1210 1587 etc.

790 1603 821 1632 t⁰
840 1601 963 1638 Quando
970 1601 1114 1632 Sacerdos
1124 1602 1200 1632 inter
1210 1602 1362 1641 unctiones

748 1645 846 1676 deficit
861 1669 868 1682 ‚
882 1646 907 1676 si
927 1646 1026 1677 statim
1045 1645 1120 1676 alius
1139 1654 1191 1677 eas
1203 1646 1359 1688 suppleat,

748 1699 806 1720 non
824 1694 894 1721 sunt
907 1689 1050 1720 iterandae
1064 1691 1147 1731 prius
1157 1688 1261 1721 factm}
1276 1694 1362 1723 secus

749 1735 773 1766 si
792 1735 943 1766 unctiones
960 1734 998 1765 ab
1013 1734 1070 1765 alio
1090 1735 1283 1775 suppleantur
1296 1733 1362 1777 post

748 1779 877 1819 aliquam
905 1778 1062 1809 notabilem
1091 1788 1203 1810 moram
1225 1804 1233 1818 ,
1261 1775 1330 1821 puta
1352 1804 1360 1819 ‚

749 1829 815 1865 post
834 1823 1049 1864 quadrantem:
1066 1827 1136 1854 tuno
1157 1825 1236 1855 enim
1260 1833 1362 1857 omnes

749 1870 903 1899 unctiones
924 1868 981 1899 sub
1005 1868 1170 1899 conditione
1194 1869 1362 1911 repeteudae

748 1917 828 1943 sunt.
844 1928 877 1935 -
897 1913 965 1943 724.

791 1957 943 1995 Qum-itur
965 1958 996 1987 4·
1011 1967 1049 1988 an
1069 1958 1170 1989 Pastor
1186 1967 1363 1989 excommu-

749 2002 865 2032 nicatus
879 2002 970 2041 possit
984 2002 1155 2033 Extremam
1165 2017 1183 2025 -
1191 2002 1362 2036 unctionem

747 2047 916 2077 ministrare
926 2046 942 2076 ‘P

789 2092 823 2121 R.
837 2108 876 2113 —
891 2091 1046 2131 Affirmant
1058 2092 1152 2123 Diana
1163 2116 1170 2128 ‚
1184 2095 1236 2122 etc.
1252 2107 1290 2115 —
1304 2090 1363 2123 Sed

746 2135 931 2176 probabiliits
943 2141 1048 2176 nepam
1061 2137 1149 2166 saar.
1159 2160 1167 2174 ‚
1184 2135 1298 2173 Escae,
1312 2136 1363 2176 qui

750 2182 835 2212 sectis
865 2181 906 2211 ait
935 2180 973 2210 de
1002 2181 1118 2210 Pastore
1142 2189 1286 2220 suspenso
1301 2189 1310 2216 ς
1334 2184 1365 2212 et

751 2225 869 2265 quidem
892 2223 1103 2264 probabiliter,
1127 2225 1153 2256 si
1177 2224 1253 2255 alius
1279 2224 1362 2255 desit.

750 2286 790 2291 —
806 2270 874 2299 723.

792 2313 945 2351 Quoeritur
971 2315 1004 2345 2·
1030 2323 1069 2345 an
1100 2316 1198 2355 quivis
1222 2315 1367 2349 Sacerdos

751 2359 843 2400 possit
867 2358 921 2389 hoc
947 2359 1171 2390 Sacramentum
1198 2360 1366 2392 ministrare

92 2410 143 2434 aon
168 2402 292 2432 haberet
315 2402 438 2433 actualia
466 2409 585 2444 peccata
604 2426 613 2441 ,
640 2411 698 2433 non
723 2395 728 2431 ν’
752 2404 790 2434 ob
804 2412 978 2435 consensum
992 2403 1183 2444 probabiliter
1193 2414 1367 2446 proesump-

92 2450 162 2478 net
175 2454 270 2486 capax
284 2446 454 2487 principalis
467 2447 590 2478 effectus
602 2446 680 2478 illius
690 2471 698 2486 ‚

93 2491 166 2533 [md
178 2495 225 2520 est
239 2489 354 2520 falsum.
368 2491 479 2523 —7³t.

754 2454 816 2478 tum
831 2448 950 2478 Parocbi
962 2472 970 2485 ,
989 2447 1034 2478 vel
1048 2449 1113 2487 ejus
1125 2448 1341 2483 ratihabitionis
1351 2449 1367 2480 ⁴?

792 2494 826 2523 R.
851 2508 891 2515 -—
914 2493 1023 2534 Neyant
1050 2493 1142 2532 Viva,
1167 2496 1220 2524 etc.
1243 2508 1284 2518 —
1305 2492 1367 2525 Sed
