1617 2892
593 379 632 404 ns
655 381 852 405 MATRntomo.
1295 372 1354 405 071

99 441 146 473 bre
166 443 251 474 etiam
278 442 297 472 ii
326 442 377 482 qui
403 442 540 474 noverint
565 441 694 482 impedi-
747 441 856 472 faciant
866 441 1079 483 probationem.
1092 456 1134 464 —
1150 439 1285 471 Secunda
1295 449 1364 471 sen-

100 492 209 518 nentum
230 485 289 517 sub
305 491 421 517 secreto
435 485 583 523 naturali,
594 489 626 515 et
638 485 696 516 ad-
748 485 838 515 tentia
864 485 979 515 omnino
995 484 1127 524 opposita
1149 483 1221 515 dicit
1239 483 1318 525 quod
1339 485 1366 516 si

100 530 142 561 hee
157 539 223 562 cum
243 530 416 569 juramento
437 539 497 561 non
521 529 694 571 propalandi
748 529 993 569 impedimentum
1021 538 1080 560 non
1105 529 1145 560 sit
1168 528 1207 560 ob
1229 530 1342 560 crimen
1357 553 1366 564 .

101 575 225 606 uttiieunt
236 574 350 611 sanctu..
366 574 438 612 Pal..
452 579 503 605 etc.
748 574 876 605 sufficiat
897 574 936 605 ed
955 573 1176 614 impediendum
1193 582 1271 604 unus
1284 574 1367 605 testis

127 619 285 650 Advertunt
296 622 394 649 tamen
406 620 522 659 praesati
537 623 674 650 auctores
685 640 693 652 ‚
749 617 807 648 fido
821 618 947 658 dignus;
968 619 993 649 si
1009 620 1078 649 vero
1100 618 1139 648 ob
1160 618 1274 648 crimen
1285 642 1293 656 ,
1312 627 1367 648 re-

99 665 237 703 ntequem
258 662 311 693 fiat
332 662 516 694 denuntiatio
530 687 538 702 ,
563 664 696 704 praemit-
749 663 910 701 quiruntur
926 661 1030 693 saitem
1045 662 1105 692 duo
1115 685 1124 700 ‚
1138 662 1208 702 quia
1223 666 1292 692 tunc
1302 662 1367 701 agi-

100 707 198 738 tmdam
233 716 299 738 esse
332 709 548 749 correptionem
586 708 693 738 frater·
750 710 799 736 tur
833 705 872 736 de
902 706 1074 747 praeiudicio
1097 706 1200 744 tertii,
1225 704 1368 736 adversus

100 756 200 788 tumst
207 752 297 782 etiam
308 751 427 791 pturies,
437 751 492 782 nisi
503 751 697 792 probabiliter
749 760 839 791 quem
851 753 954 791 nequit
967 752 1039 782 ferri
1049 750 1195 791 iudicium
1216 751 1280 785 sine
1299 749 1368 791 pie-

751 796 788 826 na
816 795 998 834 probatione.
1026 811 1067 819 —
1100 796 1198 826 Tertia
1227 795 1369 826 sententia

750 840 822 871 dicit
844 840 980 872 sufficere
1004 849 1096 873 unum
1118 845 1242 879 testem,
1260 839 1368 880 quole-

751 893 880 925 cumque
913 886 952 916 sit
983 884 1228 924 impedimentum
1246 908 1255 922 ,
1282 885 1369 915 modo

752 931 836 962 testis
861 929 909 960 iile
935 930 974 960 sit
999 930 1078 960 omni
1102 930 1275 969 exceptione
1299 938 1369 959 ma-

100 805 141 828 nn
161 798 199 828 sit
223 797 378 837 profutura
391 820 399 835 ,
424 796 513 827 modo
532 796 697 837 periculum

100 848 142 871 nm
154 841 192 872 sit
200 841 232 871 iu
245 841 336 871 more.

126 885 242 916 Certum
254 889 301 915 est
320 885 440 925 2⁰13qu
463 887 487 917 si
498 885 700 926 impedimen-

100 933 148 960 tun
165 931 205 960 sit
227 930 374 966 occultum
386 935 437 968 ,et
456 932 517 969 jem
539 931 628 960 suerit
646 937 701 969 pro

100 983 126 1005 ω
142 974 261 1006 obtenta
286 973 468 1014 dispensatio
487 974 585 1015 quoad
604 974 700 1004 sorum

101 1018 233 1049 'nuruum
253 1042 261 1057 ,
289 1018 363 1049 iilud
385 1020 482 1049 sciens
504 1028 563 1049 non
584 1022 702 1049 tenetur

101 1062 281 1100 denuntiat-03
302 1064 389 1093 secus
407 1064 431 1094 si
447 1063 565 1094 adesset
584 1062 701 1103 publice

102 1106 162 1137 hm
179 1106 220 1138 de
235 1106 447 1147 impedimento
459 1132 466 1145 ,
480 1112 512 1138 et
523 1107 703 1149 dispensatio

748 974 798 1014 jor
820 998 828 1012 ‚
854 978 884 1004 et
908 973 1036 1014 deponat
1061 982 1099 1004 ex
1126 974 1207 1004 cerui
1236 974 1368 1005 seientia.

752 1034 793 1041 ——
814 1019 929 1056 Quarta
942 1018 1062 1048 demum
1083 1017 1225 1048 eontentio
1237 1026 1370 1048 commu—

752 1063 877 1093 nissima
886 1069 917 1093 et
927 1062 1024 1093 verior
1034 1061 1121 1093 docet
1129 1061 1266 1093 sufficere
1276 1071 1370 1093 unum

754 1112 859 1139 testem
887 1107 926 1138 ad
961 1106 1180 1147 impediendum
1216 1107 1371 1138 Matrimo-

101 1151 304 1189 nocuum,
318 1156 353 1182 ut
362 1152 479 1188 Sancti„
491 1156 544 1183 etc.
754 1153 856 1189 nium,
878 1152 992 1183 etiamsi
1020 1161 1078 1182 non
1098 1153 1137 1182 sit
1157 1153 1238 1182 omni
1257 1161 1371 1193 excep—

128 1196 246 1227 Gertum
286 1200 333 1227 est
373 1196 405 1226 3·
433 1196 512 1236 quod
539 1196 564 1227 si
585 1196 703 1227 noveris
754 1198 833 1228 tione
852 1197 946 1235 major
961 1220 969 1235 ‚
984 1196 1071 1226 modo
1089 1196 1196 1227 habeat
1215 1196 1373 1237 quaiitntes

100 1239 329 1282 inpedimentum
353 1249 392 1271 ex
414 1240 523 1271 auditis
537 1264 544 1277 ,
567 1241 619 1270 sed
644 1248 702 1269 non
753 1242 830 1273 infra
844 1240 1044 1282 explicandas.
1064 1241 1146 1271 Ratio
1162 1263 1169 1277 ,
1191 1243 1260 1281 quia
1274 1266 1282 1277 .
1306 1241 1374 1273 licet

99 1284 250 1316 munieris
273 1287 291 1315 it
314 1294 374 1325 quo
387 1308 396 1322 ,
419 1285 465 1314 vei
490 1286 514 1315 si
535 1285 671 1324 accepisti
686 1286 704 1313 ὸ
754 1286 874 1327 quando
897 1286 995 1326 agitur
1016 1284 1054 1316 de
1078 1285 1251 1325 proejudicio
1269 1286 1371 1325 tertii,

98 1330 210 1368 meent
232 1338 291 1360 non
309 1329 368 1359 tide
391 1329 496 1369 digna,
512 1337 572 1359 non
594 1328 704 1359 teneris
756 1330 841 1371 plena
864 1331 1033 1371 requiratur
1047 1330 1181 1370 probatio
1196 1340 1204 1368 3
1219 1333 1348 1361 ettamen
1363 1353 1373 1367 ‚

95 1374 270 1404 denuntiare.
284 1374 469 1410 Sanch.,'etc.
755 1378 824 1406 cum
845 1376 893 1406 hio
915 1379 1020 1415 agatur
1040 1374 1078 1405 de
1104 1373 1223 1405 vitando
1242 1374 1373 1415 periculo

128 1418 281 1457 Quaeritur
293 1419 344 1449 ⁴5·-
353 1427 392 1450 an
402 1420 427 1450 si
438 1420 507 1459 quis
520 1419 600 1451 sotus
614 1420 705 1459 impe·
756 1421 864 1451 animoe
878 1446 886 1456 ,
902 1421 1009 1462 nempe
1022 1420 1046 1452 si
1068 1420 1142 1450 sorte
1156 1420 1373 1451 Matrimonium

90 1460 251 1495 ‘fluentum
276 1464 391 1493 ΰῡνθΐῐῑ
406 1487 414 1500 ,
440 1472 496 1494 ¹1²0
519 1465 611 1504 possit
632 1473 704 1503 pro·
755 1465 981 1496 contraheretur
1017 1473 1085 1495 cum
1126 1464 1337 1505 impedimento
1362 1489 1372 1503 ‚

757 1510 862 1541 minori
882 1509 1054 1550 probatione
1067 1509 1118 1548 jus
1133 1513 1303 1540 contentum
1317 1513 1372 1540 est.

757 1555 849 1586 Secus
872 1557 944 1586 vero
966 1552 1125 1584 dicendum
1149 1554 1173 1583 si
1204 1558 1308 1593 agatur
1335 1553 1374 1584 de

758 1598 930 1640 praejudicio
955 1598 1052 1635 tertii,
1075 1601 1106 1628 et
1132 1606 1191 1628 non
1215 1598 1313 1637 agitur
1335 1596 1374 1628 de

87 1504 160 1539 here
170 1531 179 1545 ,
190 1512 328 1539 teneatur
338 1507 410 1538 iilud
421 1508 597 1538 denuntiare
607 1509 623 1538 ‘i

127 1553 160 1584 R.
185 1568 229 1576 —
249 1553 353 1583 Prima
379 1553 523 1584 sententia
546 1557 640 1593 neyal.
663 1570 702 1577 -

84 1593 220 1628 Secunda
231 1599 302 1628 vero
315 1598 456 1628 sententia
468 1598 705 1628 communissima

84 1642 226 1672 “ver-ior
241 1641 373 1682 affirmat
387 1642 479 1672 teneri
492 1666 499 1680 ,
514 1643 538 1672 si
552 1642 706 1672 commode

84 1691 204 1725 petest,
225 1690 257 1717 et
267 1688 370 1724 antea,
394 1686 470 1716 sacta
486 1687 644 1717 monitione
656 1711 663 1724 ,
679 1688 704 1717 si

85 1732 243 1770 protutura
253 1732 294 1762 sit
304 1756 311 1769 ,
329 1735 362 1761 ut
375 1732 475 1771 sponsi
489 1732 528 1762 ab
540 1732 705 1771 hujusmodi

84 1773 272 1807 ”arimonio
284 1775 436 1807 desistant.
451 1792 492 1798 —-
504 1777 572 1807 Dico
581 1777 608 1807 si
623 1786 706 1807 cnm-

84 1820 171 1852 made
186 1825 282 1861 potest
294 1844 302 1858 ‚
318 1830 387 1851 nam
404 1830 491 1851 nemo
507 1825 624 1851 tenetur
638 1829 706 1851 cum

87 1871 145 1896 uae
166 1865 251 1905 gravi
272 1865 459 1895 incommodo
473 1889 480 1902 ‚
506 1869 558 1894 eut
582 1864 705 1895 aliorum

86 1910 228 1941 {andelo
238 1933 247 1947 ,
260 1909 435 1940 denuntiare
448 1933 455 1946 ‚
468 1911 534 1939 cum
550 1918 646 1950 neque
660 1910 707 1940 lex

86 1955 285 1986 ecelesiastica
295 1979 303 1992 ‚
328 1963 424 1994 neque
439 1958 621 1995 praeceptum
635 1964 708 1985 cor-

88 2000 230 2031 rectionis
257 1999 367 2039 obliget
388 2007 457 2029 cum
482 2000 564 2038 gravi
590 2000 707 2030 incom-

89 2043 179 2074 mede
191 2067 199 2080 ,
211 2048 264 2075 aut
277 2043 416 2075 scandalo
426 2043 560 2074 aliorum.
572 2060 612 2067 -
625 2045 693 2074 9⁹25.

133 2088 286 2126 (tumtur
298 2089 349 2118 ⁴6·
357 2097 395 2118 an
402 2088 529 2118 sufficiat
541 2097 617 2119 unus
626 2089 708 2119 testis

759 1648 878 1685 peccato
902 1642 1022 1674 vitando
1036 1666 1045 1681 ‚
1059 1643 1130 1683 pute
1154 1642 1180 1673 si
1195 1643 1278 1674 testis
1299 1641 1375 1674 aile-

758 1693 842 1729 garet
856 1688 1078 1719 fornicationem
1091 1695 1222 1727 sponsae‚
1242 1686 1288 1717 vei
1302 1686 1375 1727 quid

758 1733 853 1765 similo
873 1756 882 1772 ,
906 1737 977 1763 tunc
1004 1732 1082 1763 enim
1110 1731 1186 1762 bene
1213 1732 1376 1772 requiritur

758 1778 843 1819 plena
856 1777 999 1818 probatio.
1008 1792 1051 1806 1·-
1062 1776 1131 1806 996.

800 1822 953 1860 Quoeritur
970 1821 1020 1851 ⁴7⁰
1030 1828 1169 1860 quaenam
1184 1821 1375 1860 requirantur

758 1868 915 1908 qualitates
938 1867 970 1897 in
994 1870 1068 1896 teste
1093 1864 1131 1895 ad
1155 1865 1376 1905 impediendum

759 1912 977 1943 Matrimonium
990 1910 1006 1940 ἱ)

800 1957 834 1987 fl.
855 1973 896 1980 -
919 1955 1123 1995 Requiruntur
1141 1960 1300 1995 sequentes
1315 1978 1322 1985 .
1343 1954 1376 1984 ⁴·

759 2002 798 2032 Ut
823 2002 886 2041 ipse
910 2009 968 2030 non
994 2001 1109 2029 tantum
1130 1998 1302 2034 denuntiet,
1323 1996 1376 2028 sed

759 2047 848 2077 etiam
871 2045 1019 2086 deponat,
1034 2048 1097 2075 esto
1110 2045 1215 2084 sponte
1228 2051 1261 2074 se
1273 2042 1378 2073 offeret

760 2091 799 2122 ad
808 2090 1015 2132 deponendum
1026 2114 1034 2128 ,
1050 2089 1106 2119 nisi
1131 2087 1198 2118 telis
1223 2087 1306 2118 testis
1323 2085 1377 2117 de-

89 2128 349 2174 deimpedimento
360 2157 368 2170 ,
383 2137 417 2163 ut
430 2133 592 2173 Episcopus
601 2134 708 2174 probi-

88 2171 162 2208 beet
171 2177 304 2208 contrahi
316 2177 532 2207 Matrimonium
545 2178 561 2207 7

133 2223 165 2254 11.
189 2238 231 2246 —
252 2222 372 2253 Adsunt
400 2226 528 2262 quatuor
544 2223 706 2254 sententiae.

87 2277 134 2292 N
154 2268 259 2300 Prima
281 2267 354 2298 dicit
377 2267 513 2298 sufficere
532 2268 556 2298 si
578 2267 709 2308 impedi-

88 2314 228 2344 mentum
240 2316 339 2343 ortum
353 2311 461 2342 babeat
477 2321 514 2342 ex
528 2312 653 2342 crimine
665 2323 672 2348 ;
684 2314 709 2344 si

87 2359 162 2390 'ab
179 2365 240 2389 non
254 2357 390 2397 provenit
402 2365 440 2387 ex
457 2361 577 2397 peccato
587 2380 596 2395 ,
610 2358 662 2387 sed
672 2366 711 2388 ex

85 2403 264 2445 enguetione
273 2401 384 2433 carnali
393 2425 401 2440 ‚
416 2407 469 2432 aut
482 2401 627 2442 spirituali
638 2426 646 2441 ,
658 2411 711 2433 re-

84 2449 169 2490 qniri
197 2446 276 2478 duos
305 2450 395 2477 testes
421 2445 480 2477 fide
503 2446 608 2487 dignos
621 2470 630 2484 ‚
654 2446 710 2477 nisi

84 2493 192 2527 {dnint
217 2490 277 2522 alin
302 2490 480 2521 adminicula
503 2500 572 2531 quae
593 2490 710 2532 plenem

761 2136 924 2167 nuntiando
937 2135 1078 2176 probaret
1093 2132 1131 2163 de
1149 2132 1227 2162 fama
1245 2130 1377 2171 impedi—

761 2182 871 2217 menti,
887 2180 956 2219 quia
981 2183 1051 2209 tunc
1079 2175 1187 2208 suffieit
1208 2179 1243 2206 ut
1263 2175 1377 2205 tantum

760 2225 913 2255 denuntiet
933 2223 1004 2262 quin
1019 2221 1156 2261 deponat.
1169 2236 1209 2242 —
1221 2220 1253 2250 2⁰
1268 2219 1305 2250 Ut
1318 2219 1377 2250 de-

761 2273 850 2310 ponat
876 2277 944 2298 cum
965 2267 1135 2306 juramento
1154 2274 1162 2302 3
1197 2265 1267 2304 quia
1286 2265 1318 2295 in
1342 2264 1377 2296 iis

761 2322 830 2353 quae
843 2316 913 2342 sunt
933 2311 963 2341 in
985 2309 1190 2351 praejudicium
1206 2309 1304 2340 tertii.
1319 2317 1378 2340 non

761 2357 893 2388 creditur
914 2355 982 2387 testi
1005 2355 1061 2386 nisi
1085 2355 1194 2394 jurato.
1216 2370 1257 2377 —-
1282 2354 1314 2384 3·
1341 2353 1380 2384 Ut

762 2401 890 2441 deponat
903 2409 962 2431 non
975 2409 1012 2430 ex
1027 2398 1130 2430 auditu
1145 2423 1153 2434 .
1168 2397 1223 2429 sed
1242 2407 1281 2428 ex
1298 2397 1379 2428 certat

762 2445 892 2477 scientia.
913 2444 1073 2485 Excipiunt
1094 2448 1192 2474 tamen
1215 2442 1308 2472 Salm.
1323 2442 1379 2472 nisi

762 2489 1005 2532 impedimentum
1028 2489 1069 2520 sit
1094 2487 1375 2527 consanguinitatis,
