1617 2892
641 388 679 411 xm
702 386 899 411 numanam.

117 455 247 488 eausae,
268 452 376 491 nempe
395 449 435 481 ob
453 448 564 481 bonum
576 448 727 490 publicum
738 471 745 483 ‚

122 491 174 522 vel
201 493 237 525 ad
260 493 397 526 alendam
422 498 475 525 aut
498 494 636 526 tuendam
658 494 747 524 sami-

127 533 201 569 l'ssm
213 563 222 578 ,
242 538 289 570 vel
309 538 348 570 ad
374 537 526 570 vitandum
545 538 687 570 damnum
707 537 747 568 ab

132 578 263 614 inimicis.
284 582 377 613 Addit
397 584 475 614 Boas.
491 582 570 623 quod
591 583 615 614 si
637 583 682 612 vir
695 581 747 612 diu

137 620 253 657 &beret
273 626 344 657 alibi
366 635 503 663 manere,
528 631 697 663 teneretur,
721 626 746 656 si

141 669 282 701 commode
308 676 425 711 posset,
449 680 575 702 uxorem
598 673 633 701 eo
653 669 747 699 addu-

144 718 201 745 oere
214 738 223 753 ,
243 718 278 746 ut
297 723 398 745 secum
415 714 607 746 cohabitaret.
623 729 661 738 -
678 714 745 743 9:39.

178 759 327 797 Quoeritur
340 759 372 790 2⁰
382 768 420 790 an
434 768 510 790 uxor
522 762 655 790 teneatur
664 759 748 798 sequi

144 802 230 834 virum
242 802 282 834 ad
296 803 539 835 cohabitationem
550 804 567 833 7

175 849 206 879 Β.
234 863 277 871 ·-
305 848 490 889 Regulariter
522 858 597 880 uxor
632 854 748 880 tenetur

139 893 217 934 oequi
242 893 340 924 virum
364 898 528 924 mutantem
548 893 726 924 domicilium
740 918 747 930 ,

137 937 248 969 etiamsi
261 940 356 967 mutet
369 937 432 967 sine
446 937 526 976 justa
540 938 627 968 causa
639 962 647 975 ,
663 937 750 967 modo

135 990 223 1013 coma
245 989 304 1012 non
325 982 364 1012 sit
385 982 490 1020 turpis.
509 980 548 1011 Et
561 982 615 1011 hoo
634 982 748 1012 etiamsi

133 1025 242 1057 alicubi
263 1024 341 1056 adsit
364 1026 512 1055 contraria
536 1025 718 1056 consuetudo
740 1049 748 1063 ‚

133 1079 203 1112 quae
213 1079 274 1101 non
294 1073 390 1111 potest
403 1070 546 1109 derogare
552 1070 614 1110 juri
627 1070 729 1100 Divino
740 1093 748 1108 ‚

131 1113 215 1156 quod
237 1114 389 1145 constituit
408 1115 507 1144 virum
530 1118 619 1155 caput
639 1113 748 1144 uxoris.

133 1160 209 1191 [tem
223 1182 233 1197 ‚
253 1159 368 1189 etiamsi
385 1159 431 1189 vir
445 1158 529 1198 longe
549 1158 699 1196 discedat,
720 1162 751 1188 et

131 1203 174 1235 ibi
186 1212 243 1244 per
255 1202 374 1243 longum
388 1206 506 1243 tempus
514 1203 553 1233 sit
563 1208 732 1233 moraturus
742 1212 748 1239 ;

130 1248 221 1280 secus
239 1250 311 1278 veri>
330 1247 355 1278 si
374 1246 459 1278 brevi
483 1245 551 1277 inde
575 1244 750 1277 reversurus

132 1293 192 1331 εἰις
204 1297 277 1322 tunc
293 1291 372 1322 enim
387 1299 440 1321 nec
452 1299 527 1321 uxor
541 1294 658 1321 tenetur
668 1291 752 1330 sequi

133 1337 235 1368 virum
245 1360 253 1375 ,
264 1344 320 1367 nec
330 1336 375 1365 vir
385 1344 486 1365 secum
500 1334 608 1366 ducere
618 1344 749 1366 uxorem.

133 1380 227 1411 renat
244 1388 341 1420 neque
365 1384 482 1410 tenet-ur
506 1380 551 1409 vir
567 1388 633 1410 eam
651 1389 752 1410 secum

135 1423 271 1463 ducere,
297 1424 411 1454 etiamsi
442 1423 525 1463 longa
549 1423 679 1454 discedat
694 1448 702 1460 .
727 1424 752 1455 si

138 1476 256 1510 maguae
275 1478 414 1509 expensae
435 1469 623 1508 requirantur
635 1469 672 1499 ad
686 1477 751 1499 eam

139 1511 208 1545 illuc
227 1512 483 1543 transvehendum.
502 1529 542 1535 —
563 1513 630 1543 977.
645 1513 754 1543 —Pa-

140 1558 212 1588 riter
233 1566 309 1588 uxor
327 1556 509 1596 probabilius
533 1561 650 1588 tenetur
669 1558 751 1597 sequi

138 1603 237 1633 virum
258 1603 288 1632 in
301 1602 440 1640 exilium
462 1603 531 1642 quia
552 1606 669 1634 tenetur
687 1604 753 1634 suf·

138 1647 217 1677 ferre
238 1646 430 1677 infortunium
454 1648 519 1677 viri.
541 1647 623 1677 Sicut
644 1648 688 1677 vir
703 1652 752 1678 te-

139 1696 227 1722 netur
256 1692 389 1722 comitari
422 1700 547 1723 uxorem
564 1716 572 1731 ,
597 1693 622 1723 si
655 1697 753 1722 coacta

139 1736 312 1767 necessitate
333 1761 340 1774 ,
369 1735 549 1766 domicilium
584 1740 677 1766 mutet
712 1752 754 1758 —

137 1780 202 1812 ιθ
216 1804 226 1819 ,
247 1789 279 1811 n.
297 1781 365 1811 353.
386 1796 426 1803 —
447 1774 472 1811 E
495 1789 656 1818 converso,
678 1789 753 1811 uxor

139 1833 197 1856 non
217 1829 334 1856 tenetur
354 1826 438 1865 sequi
456 1826 552 1856 virum
564 1850 571 1861 ‚
587 1827 611 1856 si
626 1825 674 1856 ille
685 1826 754 1856 velit

138 1877 204 1900 am
227 1870 401 1911 pertrahere
425 1869 464 1900 ad
492 1877 644 1910 peccatum
665 1895 673 1910 ,
708 1870 753 1901 vel

140 1922 215 1945 uxor
229 1924 283 1955 per
296 1915 460 1946 discessum
473 1921 670 1955 exponeretur
679 1924 754 1956 gra-

139 1958 169 1989 vi
190 1959 323 2000 periculo
351 1960 419 1990 vitae
440 1982 449 1995 ,
475 1963 527 1989 aut
552 1961 634 1999 gravi
659 1960 755 1990 detri-

139 2008 248 2035 mento.
273 2020 314 2026 —-
339 2004 388 2034 Sic
415 2005 527 2043 pariter
551 2013 610 2034 non
638 2009 754 2035 tenetur

139 2056 216 2080 uxor
229 2049 314 2089 sequi
332 2049 430 2078 virum
452 2053 605 2087 vagantem
621 2073 629 2088 ,
650 2050 706 2080 nisi
719 2058 753 2080 ea

138 2096 208 2124 tute
237 2094 456 2124 Matrimonium
488 2092 517 2122 id
554 2094 682 2124 sciverit.
712 2109 753 2117 ·-

177 2185 262 2216 Nom.
283 2184 337 2215 Vir
355 2189 452 2226 potest
471 2186 620 2226 suscipere
633 2185 754 2216 brevem

138 2229 405 2272 peregrinationem
439 2229 602 2261 devotionis
634 2229 721 2260 causa
746 2253 757 2266 ,

137 2274 229 2305 etiam
253 2274 343 2304 invita
364 2282 476 2312 υκαι-ες
500 2274 554 2305 hoo
577 2279 676 2305 tamen
698 2283 755 2305 non

138 2321 239 2360 potest
253 2326 329 2348 uxor
342 2319 406 2349 sine
428 2327 573 2350 consensu
594 2319 670 2355 viri,
688 2321 754 2349 cum

136 2362 204 2404 ipsa
232 2362 271 2392 sit
295 2361 427 2401 subjecta
449 2362 527 2394 illius
542 2362 703 2403 voluntati,
726 2367 757 2393 et

136 2415 199 2439 nou
212 2405 317 2437 doeeat
330 2407 484 2439 mulierem
499 2408 690 2449 peregrinari.

183 2449 341 2490 Qum-itur
369 2452 402 2483 3·
427 2461 467 2483 an
496 2452 583 2484 liceat
607 2455 671 2484 viro
697 2462 756 2484 non

136 2494 311 2528 cohabitare
320 2505 389 2527 cum
399 2505 508 2535 uxore,
521 2506 646 2538 eamque
655 2497 756 2540 expel-

1347 378 1407 411 66¹

799 448 862 479 lore
874 449 892 478 ὸ
904 446 992 478 domo
1005 447 1045 478 ob
1064 447 1164 480 dotem
1187 447 1364 489 promissam
1384 451 1415 479 et

799 502 859 523 non
873 492 1000 523 solutam
1012 492 1029 522 ⁶?
1076 496 1078 498 '

841 538 875 569 R.
897 553 938 561 —-
953 537 1110 578 Affirmant
1120 536 1292 573 Panormit„
1306 541 1358 568 ele.
1375 554 1416 561 -

798 582 859 613 Sed
878 585 984 623 neyant
1000 582 1184 612 communius
1197 587 1228 612 et
1233 581 1416 621 probabilis&

800 626 903 657 sanch.
915 649 924 663 ,
937 630 989 657 etc.
1005 626 1088 657 Ratio
1103 650 1111 665 ,
1124 627 1193 667 quia
1208 626 1345 666 obligatio
1363 635 1414 657 cu-

802 670 952 701 habitandi
982 680 1040 701 non
1074 672 1170 701 oritur
1201 679 1240 702 ex
1273 670 1415 700 solutione

801 715 879 746 dotis
893 740 900 754 ‚
925 715 978 746 sed
1002 725 1041 746 ex
1062 715 1124 756 ipsa
1150 715 1214 755 lege
1236 714 1363 745 naturali
1387 718 1417 744 ct

801 760 899 791 divina
921 785 929 799 ,
965 761 1023 800 qua
1057 761 1102 790 vir
1135 765 1253 791 tenetur
1283 759 1416 790 debitum

803 804 928 835 reddere
942 805 1026 835 uxori
1039 829 1046 843 ‚
1066 809 1097 835 et
1110 804 1176 835 ideo
1189 813 1257 835 cum
1279 804 1313 834 ea
1327 803 1418 834 habi—

802 853 866 879 tare
880 858 888 887 ;
903 848 982 879 uude
995 849 1098 879 dicunt
1110 849 1173 879 ΛΑ.
1188 848 1305 890 prael'ati
1315 872 1324 887 ,
1339 847 1418 888 quod

801 893 917 923 etiamsi
939 893 984 923 vir
1007 901 1065 923 nou
1086 893 1184 923 adhuc
1206 894 1330 924 uxorem
1354 898 1418 922 tra-

801 936 923 968 duxerit
949 937 979 967 in
1001 936 1122 967 domum
1150 945 1235 967 suam
1250 960 1258 974 ,
1285 940 1419 967 teneatur

804 981 959 1012 traducere
973 990 1031 1011 non
1047 981 1183 1012 obstante
1196 979 1276 1021 quod
1288 979 1344 1011 dos
1359 989 1419 1011 non

802 1025 893 1056 fuerit
913 1024 1007 1056 soluta
1019 1026 1034 1056 ἱ)

845 1070 997 1107 Quen-itur
1017 1070 1049 1100 4·
1071 1079 1110 1102 an
1145 1073 1249 1101 mutuo
1274 1078 1420 1101 consensu

804 1115 917 1155 possint
929 1114 1067 1154 conjuges
1080 1114 1206 1145 invicem
1219 1114 1351 1155 separari
1365 1114 1382 1144 7

844 1159 876 1188 R.
901 1174 941 1180 —
965 1159 1041 1188 Bene
1065 1163 1209 1199 possunt,
1233 1159 1320 1189 modo
1342 1158 1421 1190 absit

804 1202 968 1242 periculum
1002 1203 1221 1233 incontinentiae
1237 1226 1245 1238 .
1273 1206 1305 1233 et
1324 1202 1420 1233 detri-

805 1251 938 1278 mentum
965 1246 1056 1287 prolis
1082 1246 1245 1277 educandae
1267 1270 1276 1285 ,
1304 1256 1344 1278 ex
1371 1247 1420 1278 illo

805 1292 900 1331 Apost.
932 1292 944 1321 t
977 1290 1040 1323 cor.
1070 1291 1088 1321 7
1111 1302 1121 1321 .·
1155 1291 1249 1322 Nolite
1274 1289 1420 1330 fraudare

806 1336 930 1367 invicem
942 1336 1002 1366 nisi
1013 1334 1088 1375 firm*
1097 1344 1140 1366 σω
1152 1343 1290 1366 consensu
1299 1334 1340 1365 ud
1349 1339 1420 1366 tem—

800 1390 861 1420 pus
880 1403 887 1416 ,
907 1384 942 1411 ut
959 1381 1068 1411 vacetis
1091 1379 1239 1413 orationi.-
1263 1382 1292 1410 et
1312 1379 1420 1410 iterum

804 1424 988 1456 revertimini
1006 1425 1036 1454 in
1054 1423 1202 1463 idipsum,
1217 1431 1252 1454 ne
1266 1426 1354 1454 tentet
1370 1431 1421 1456 vos

804 1469 938 1500 Satatms.
952 1486 992 1492 -
1008 1470 1077 1500 9:39.

848 1514 1000 1552 Quoerimr
1018 1514 1048 1543 5⁰
1071 1523 1108 1544 an
1128 1513 1287 1554 aliquando
1306 1514 1354 1545 vir
1374 1517 1420 1545 te-

806 1563 912 1589 neatur
926 1562 1027 1599 petere
1040 1558 1173 1588 debitum
1184 1559 1199 1588 ·!

847 1605 877 1634 Ii.
893 1619 933 1625 —
947 1603 1001 1633 Per
1013 1612 1045 1633 se
1058 1603 1203 1643 loquendo
1214 1628 1222 1642 ,
1234 1612 1293 1635 non
1304 1607 1421 1635 tenetur

806 1652 930 1688 μείω-ες
956 1652 1072 1678 tenetur
1097 1651 1168 1678 vero
1187 1657 1242 1688 per
1265 1648 1418 1687 accidens,

806 1693 946 1723 nimirum
971 1693 995 1723 si
1017 1702 1092 1723 uxor
1113 1692 1200 1722 tacite
1220 1693 1335 1733 exigat;
1349 1695 1421 1734 puta

806 1739 830 1770 si
855 1737 991 1769 ostendat
1013 1737 1131 1777 aliquod
1154 1737 1297 1768 indicium
1320 1762 1329 1777 ,
1362 1747 1421 1778 quo

806 1783 923 1813 tacitum
939 1783 1108 1823 petitionem
1122 1782 1287 1822 significet';
1308 1783 1376 1823 quin
1390 1784 1419 1812 in

806 1826 980 1857 mulieribus
1003 1826 1042 1856 ob
1068 1827 1200 1857 innatam
1224 1827 1313 1858 etiam
1334 1837 1421 1858 vore-

806 1871 943 1902 cundiam
979 1871 1046 1901 talia
1077 1871 1159 1914 signa
1190 1871 1338 1902 habentur
1368 1881 1420 1912 pro

807 1917 875 1946 vera
895 1917 1041 1955 petitione.
1067 1932 1107 1938 —
1131 1916 1155 1946 E
1175 1925 1318 1947 converso
1342 1919 1421 1946 recte

806 1960 878 1990 dicit
889 1960 992 1991 Sanch.
1006 1969 1064 1991 non
1078 1962 1170 1991 teneri
1187 1961 1339 1991 mulierem
1354 1960 1420 1990 reil-

806 2004 877 2035 dere
903 2005 966 2035 viro
979 2029 987 2044 ‚
1009 2005 1064 2036 nisi
1084 2005 1131 2035 hic
1153 2007 1295 2045 expresse
1318 2009 1418 2045 petat:

806 2051 874 2079 cum
884 2051 963 2080 enim
978 2059 1037 2080 non
1054 2050 1163 2090 pudeat
1184 2050 1263 2080 viros
1282 2052 1422 2088 expresse

806 2094 925 2134 exigere
937 2118 944 2132 ‚
957 2094 1031 2125 bene
1045 2099 1167 2134 possunt
1182 2102 1290 2124 uxores
1300 2102 1421 2133 praesu—

808 2147 889 2169 mero
902 2138 981 2178 quod
995 2139 1048 2169 viri
1063 2140 1204 2178 expresse
1217 2146 1274 2168 nou
1289 2142 1422 2178 petentes

808 2183 901 2214 nolint
926 2184 1004 2223 ipsos
1029 2182 1159 2222 obligare
1179 2182 1219 2213 ad
1238 2182 1420 2222 petendum

808 2229 867 2258 imo
880 2236 934 2267 ego
948 2228 1041 2258 sentio
1054 2236 1108 2257 nec
1123 2235 1208 2266 posse
1219 2248 1227 2263 ,
1240 2227 1310 2267 quia
1321 2229 1423 2267 nequit

809 2273 934 2302 maritus
940 2271 1124 2310 obstringere
1132 2271 1287 2301 mulierem
1295 2295 1302 2308 ‚
1311 2275 1345 2302 ut
1354 2280 1422 2301 cum

809 2317 889 2347 tanta
902 2317 955 2347 sust
972 2315 1174 2347 erubescentia
1189 2315 1321 2347 debitum
1333 2319 1421 2357 petat.

809 2379 849 2385 —
872 2362 961 2392 Recte
986 2365 1085 2392 tamen
1108 2362 1217 2401 excipit
1241 2360 1345 2392 Sancln.
1367 2362 1422 2392 nisi

811 2406 877 2437 talis
896 2405 1098 2437 erubescentia
1113 2406 1212 2446 potius
1224 2409 1423 2446 praesumatur

808 2449 965 2491 aliquando
987 2449 1077 2490 (quod
1092 2452 1235 2481 caeterum
1259 2452 1329 2480 raro
1347 2450 1421 2480 acei-

809 2496 861 2537 dit)
876 2504 941 2527 esse
954 2504 992 2527 ex
1006 2500 1091 2536 parte
1101 2495 1169 2535 viri,
1184 2496 1276 2535 qnam
1289 2495 1420 2526 feminoe:
