1617 2892
266 232 332 266 ⁷50

263 300 320 331 dici
333 301 481 342 praeberet
489 300 652 333 remedium
659 325 667 340 ,
678 309 718 332 ex
726 308 787 341 qno
797 307 879 332 mors

262 349 313 376 aut
326 346 390 384 ejus
400 346 537 378 notabilis
549 345 721 377 acceleratio
734 344 876 376 eveniret.

260 389 348 419 Modo·
366 390 399 420 2·
415 389 547 421 Clericus
566 389 720 421 medeatur
739 390 805 421 sine
823 390 877 421 in-

260 433 383 473 cisione,
405 433 452 465 vel
474 434 645 472 adustione;
664 433 794 474 alioquin
806 442 877 465 cum

259 477 290 509 id
303 480 444 519 expresse
457 480 565 509 vetitur
575 478 696 510 Clericis
705 480 736 510 in
756 479 857 510 Sacris
866 502 876 517 ,

258 526 288 552 et
298 523 458 561 Monachis,
468 523 525 554 sub
538 524 625 564 poena
634 522 876 563 irregularitatis,

256 566 318 605 jam
341 567 415 598 liunt
429 567 609 607 irregulares
619 592 626 606 ,
642 568 668 599 si
684 577 723 599 ex
737 568 787 599 tali
798 569 875 600 inci-

257 612 339 642 sione
349 636 358 651 ‚
385 612 430 642 vel
445 612 600 644 adustione
617 622 698 644 mors
711 617 873 654 aequatum

256 658 342 687 secus
351 680 359 694 ‚
378 657 404 687 si
424 657 556 687 eveniret
569 656 702 694 aliunde,
717 659 824 698 nempe
836 666 875 689 ex

256 699 285 729 vi
307 699 400 740 ipsius
417 700 514 731 morbi
531 701 578 732 vel
595 710 635 732 ex
654 701 710 732 alia
730 702 827 733 cama.
841 701 873 733 Si

255 747 355 774 tamen
382 744 458 776 alius
472 745 586 785 peritus
604 745 698 785 absit,
723 745 800 777 bene
813 756 873 788 pc-

255 789 325 819 terit
344 793 415 821 tunc
433 789 565 821 Clericus
577 794 629 822 aut
639 791 796 823 Monachus
808 792 874 823 sine

253 839 393 874 peccato,
417 838 447 865 et
472 839 687 875 consequenter
699 836 763 867 sine
786 836 872 877 peri-

253 877 320 908 culo
343 878 588 919 irregularitatis,
609 880 795 920 incisionem,
819 885 871 912 ant

253 921 438 954 adustionem
450 923 601 955 adhibere.
612 941 653 948 --
667 925 736 956 384.

295 966 346 996 ⁴5⁰
367 966 400 997 Si
423 967 491 1007 quis
510 971 581 999 vero
601 968 653 1000 dat
679 978 800 1010 operam
828 969 871 1000 rei

253 1009 378 1047 illicitae,
392 1015 422 1042 et
437 1020 475 1043 ex
486 1012 521 1043 ea
535 1022 616 1044 mors
628 1013 750 1045 alterius
760 1022 872 1054 sequa-

255 1059 304 1085 tur
316 1079 325 1093 ‚
341 1057 501 1088 comunis
523 1062 569 1088 at
584 1058 726 1089 sententia
743 1058 822 1099 quod
845 1059 871 1090 si

252 1108 341 1140 opera
352 1100 401 1131 illa
412 1110 471 1132 non
489 1106 535 1133 est
547 1102 646 1133 illicita
660 1104 729 1144 quia
750 1104 870 1144 pericu·
893 1124 898 1132 .

252 1143 313 1175 losa
325 1169 332 1183 ‚
355 1145 409 1176 sed
423 1154 461 1176 ex
474 1146 531 1177 alia
550 1147 639 1178 causa
652 1170 660 1185 ‚
683 1153 786 1188 peccat
797 1149 871 1189 qui-

251 1188 319 1220 dem
326 1213 333 1226 ,
345 1189 398 1221 sed
406 1199 465 1222 non
474 1191 600 1222 incurrit
609 1192 868 1232 irregularitatem,

248 1232 338 1263 <modo
360 1234 556 1266 sufficientem
579 1235 760 1276 diligentiam
785 1237 870 1268 adhi—

251 1277 351 1308 buerit
377 1278 416 1309 ad
443 1284 571 1311 mortem
595 1280 753 1312 vitandam.
770 1281 868 1320 Ratio,

250 1323 320 1362 quia
340 1323 399 1354 tale
412 1323 602 1356 homicidium
624 1329 694 1356 tunc
710 1334 768 1356 non
791 1330 870 1357 &set

250 1366 291 1396 illi
308 1367 505 1399 voluntarium
517 1394 525 1408 ‚
544 1378 641 1410 neque
654 1369 766 1401 directe
778 1394 785 1408 ‚
800 1370 869 1401 cum

250 1419 309 1441 non
331 1413 369 1442 sit
383 1412 530 1443 intentum
541 1438 548 1452 ‚
565 1423 661 1455 neque
675 1414 817 1446 indirecte
836 1415 867 1446 in

249 1456 303 1486 sua
318 1458 402 1488 causa
412 1482 420 1497 ,
435 1459 503 1488 cum
522 1458 587 1489 talis
600 1460 676 1489 actio
689 1468 747 1489 non
760 1459 799 1490 sit
812 1468 867 1500 per

249 1510 282 1532 se
291 1502 464 1541 periculosa.
480 1520 517 1527 -
530 1504 598 1534 386.

290 1546 342 1576 ⁴6⁹
360 1547 417 1583 Qui
437 1547 490 1578 dat
502 1557 624 1588 operam
639 1549 681 1579 rci
696 1548 821 1587 illicitae,
835 1553 866 1581 et

248 1600 322 1631 opus
342 1592 381 1622 sit
404 1593 443 1622 ita
467 1592 665 1632 periculosum
681 1617 688 1631 ‚
711 1597 744 1623 ut
767 1602 805 1624 ex
828 1602 863 1624 eo

248 1635 418 1675 frequenter
429 1645 510 1667 mors
522 1641 673 1677 sequatur,
680 1637 865 1676 probabilias

246 1681 372 1710 incurrit
411 1681 658 1720 irregularitatem
678 1705 686 1719 ,
727 1683 863 1722 quamvis

246 1724 341 1755 omnis
359 1725 536 1756 adhibeatur
561 1725 709 1765 diligentia
724 1735 763 1756 ne
783 1735 864 1758 mors

245 1774 387 1809 sequatur
397 1794 405 1809 ,
419 1770 488 1810 quia
503 1771 571 1801 cnm
585 1779 660 1811 opus
670 1771 709 1801 sit
718 1770 755 1800 de
766 1780 797 1801 se
811 1781 862 1811 pe-

245 1814 404 1846 riculosum
429 1815 565 1855 proxime
576 1839 584 1853 ,
610 1814 688 1845 nulla
713 1815 861 1855 diligentia

244 1864 340 1899 potest
363 1869 422 1891 non
448 1859 645 1900 periculosum
672 1860 745 1890 ficri.
770 1861 862 1892 Secus

243 1904 268 1934 si
293 1913 367 1944 opus
387 1907 457 1935 rai-b
476 1905 515 1935 sit
536 1905 640 1934 mortis
663 1903 860 1943 inductivum,

243 1951 273 1978 et
306 1948 406 1979 debita
443 1948 592 1988 diligentia
628 1954 793 1989 apponatur
822 1959 860 1980 ne

242 2001 323 2023 mors
340 1993 473 2029 eveniat,
490 1994 560 2033 quia
581 1997 651 2024 tunc
668 1993 859 2024 homicidium

242 2045 300 2067 non
315 2041 360 2067 est
375 2037 572 2068 voluntarium
583 2046 679 2077 neque
694 2039 723 2068 in
738 2047 770 2068 se
782 2062 789 2076 ‚
805 2047 858 2069 ne-

241 2090 299 2120 que
327 2083 356 2111 in
376 2083 481 2120 caus&
506 2085 575 2112 cum
598 2083 677 2112 enim
703 2091 778 2122 opus
798 2092 857 2114 non

240 2126 279 2155 sit
300 2127 433 2165 proxime
460 2126 672 2167 periculosum,
700 2127 792 2166 posita
806 2126 855 2157 di-

239 2167 371 2208 ligentia,
385 2171 457 2201 satis
471 2175 628 2202 excusatur
642 2172 660 2200 a
674 2171 785 2201 malitia
799 2171 856 2202 ho-

239 2214 356 2244 micidii.
370 2231 410 2237 —
425 2215 494 2245 387.

818 234 996 261 rnacnws

930 300 1191 341 irregularitatem.
1214 300 1314 334 Sechs
1389 310 1460 333 cum
1475 300 1525 343 culi

928 346 1012 383 gravi
1034 344 1232 377 moderamen
1255 346 1390 377 excedit.
1403 346 1454 377 Sic
1464 355 1525 377 exn

929 392 1013 419 satur
1025 390 1116 420 etiam
1139 389 1182 420 ab
1201 389 1433 429 irregularitate
1443 390 1525 430 quim

928 431 1001 462 cidit
1013 433 1156 472 injustum
1179 435 1360 465 invasorem
1379 434 1525 467 anaim·-

928 477 1070 508 nocentis.

970 520 1021 550 ⁴8⁰
1039 522 1072 553 Si
1096 524 1165 563 quis
1177 522 1314 556 alterum
1330 528 1525 566 provocatu-

927 562 975 595 bis
987 568 1040 596 aut
1061 566 1138 597 facto
1148 590 1157 606 ‚
1176 568 1357 608 previdens
1371 578 1405 600 ιο
1419 568 1523 600 ῖωὶΙΓιΙ

926 608 1172 650 aggrediendum,
1188 611 1226 642 fit
1239 612 1426 652 irregularis,
1435 613 1520 653 nipe·-

926 651 1048 683 modum
1058 653 1099 684 ob
1114 655 1163 686 sul
1175 654 1518 697 defensionemaggmo-

926 705 991 727 rem
1014 698 1138 738 occidit,
1164 701 1240 740 quia
1264 704 1340 732 tunc
1359 700 1410 732 dat
1425 709 1516 742 oper-

926 742 970 773 rei
992 742 1101 774 illicitae
1126 745 1270 784 proxime
1281 745 1463 786 periocham
1478 753 1514 777 a·

924 786 979 817 cus
988 789 1058 817 vero
1069 788 1095 819 si
1104 797 1166 819 non
1178 789 1341 830 praevidet.

966 831 1058 862 tirsi
1082 833 1151 872 quis
1173 833 1348 865 accedendo
1366 834 1404 866 ad
1419 843 1512 866 nm

924 874 1047 906 alterius
1058 900 1066 915 ,
1082 877 1226 908 maritum
1246 879 1511 919 aggroesoremoen'-

922 918 968 949 dit
977 942 986 955 ‚
999 919 1033 949 fit
1042 920 1216 960 irregularis
1228 946 1236 961 ‚
1248 923 1277 954 si
1288 922 1448 964 previdoeit
1457 932 1511 965 pm·

922 962 1037 994 ximum
1053 965 1220 1005 periculum
1237 967 1406 999 invasionis.
1416 967 1510 999 -ast

963 1008 1016 1039 2⁰⁰
1034 1009 1179 1041 Occidens
1192 1011 1325 1043 alterum
1344 1012 1384 1043 ob
1394 1012 1510 1044 dem

922 1060 991 1083 nem
1017 1052 1181 1091 libertatis,
1202 1055 1347 1094 honoris,
1374 1057 1509 1098 pudifl‘tin,

922 1096 969 1128 vel
980 1096 1124 1129 bonorum
1135 1100 1348 1140 temporalium
1356 1110 1421 1132 mm
1431 1100 1510 1132 nnb-

893 1135 899 1184 ξ
922 1141 1036 1172 ramine
1048 1142 1209 1183 inculpatae
1221 1144 1344 1185 tutele,
1360 1145 1509 1177 min

893 1185 898 1235 j
921 1189 952 1216 et
975 1186 1158 1226 probabilius
1177 1197 1239 1220 non
1263 1189 1509 1231 litii-regularis.-

962 1276 1014 1306 2t⁰
1035 1276 1224 1311 Pmbabilim
1238 1278 1347 1312 dicunt
1370 1280 1441 1321 Pet,
1456 1285 1509 1319 dt..

921 1328 979 1351 non
1008 1321 1161 1353 incurrere
1188 1323 1434 1364 irregularitatem
1444 1350 1453 1364 ‚
1471 1325 1509 1366 «μ’

919 1369 1088 1406 amputaret
1105 1367 1272 1399 auriculam
1283 1393 1293 1408 ‚
1312 1370 1382 1410 quia
1392 1370 1425 1402 d
1436 1367 1510 1402 aunt

920 1418 978 1439 non
994 1409 1104 1441 tollitur
1117 1420 1207 1443 omne
1229 1413 1361 1446 officium
1380 1413 1507 1450 audiendi:

890 1443 896 1471 ¹
919 1463 973 1485 uec
983 1456 1034 1495 qui
1044 1455 1149 1488 dentes
1158 1457 1316 1498 evelleret,
1326 1460 1393 1500 quia
1401 1469 1452 1490 non
1459 1462 1508 1490 sant

919 1499 1066 1538 membra,
1079 1500 1132 1531 sed
1140 1501 1341 1534 instrumenta
1352 1504 1508 1535 maxillarum

918 1543 956 1574 ad
969 1544 1050 1575 cibos
1064 1545 1248 1578 mandendos
1263 1558 1272 1585 ;
1288 1552 1319 1579 et
1339 1552 1418 1579 tanto
1435 1550 1507 1580 mimis

916 1589 968 1628 qui
982 1588 1101 1629 capillos
1111 1612 1121 1625 ,
1136 1594 1189 1621 aut
1200 1591 1328 1623 barbam
1339 1593 1501 1624 abscinderet

917 1632 1008 1671 Item,
1036 1642 1090 1664 nec
1110 1634 1163 1674 qui
1178 1635 1280 1666 aufert
1303 1636 1423 1677 digitum
1435 1637 1507 1669 alta-i.

916 1693 956 1700 —
971 1678 1039 1708 379.

956 1723 1009 1753 22⁶
1033 1723 1089 1759 Qui
1112 1723 1265 1756 abscindit
1290 1726 1434 1759 testiculos
1451 1726 1509 1757 alteb

916 1767 978 1799 rius
991 1792 998 1806 ,
1015 1768 1203 1807 probabilius
1216 1770 1251 1800 fit
1264 1771 1445 1811 irregularis,
1457 1772 1509 1812 qnia

915 1813 1040 1844 testiculi
1062 1814 1125 1853 jam
1149 1815 1305 1855 propriam
1334 1818 1508 1856 operationem

914 1856 1023 1887 habent
1035 1880 1044 1895 .
1078 1859 1186 1898 nempe
1224 1859 1398 1891 efformandi
1429 1868 1509 1892 semen

913 1906 1015 1942 aptum
1037 1902 1076 1933 ad
1099 1903 1324 1942 generandum:
1353 1904 1471 1944 intellige
1485 1902 1509 1934 il

913 1951 1012 1977 tamen
1026 1946 1051 1978 si
1074 1946 1217 1978 abscissio
1242 1949 1351 1988 iniuste
1379 1949 1419 1980 fit.
1436 1950 1509 1980 senis

912 1995 984 2023 vero
996 1992 1021 2023 si
1035 2000 1113 2022 unus
1134 1994 1253 2023 tantum
1280 1994 1429 2025 testiculus
1438 1994 1509 2024 aufe-

912 2041 997 2067 ratur
1009 2061 1017 2075 ,
1038 2037 1106 2076 quia
1128 2045 1209 2068 unus
1222 2047 1284 2069 non
1298 2038 1388 2069 habet
1403 2038 1508 2069 officium

881 2088 886 2102 ¹
909 2081 949 2112 ab
971 2081 1063 2112 altero
1076 2081 1231 2113 diversum
1243 2105 1252 2121 ,
1270 2085 1338 2114 cum
1356 2080 1508 2124 utel-queat

909 2127 1043 2158 eamdem
1053 2127 1257 2167 operationem
1272 2132 1451 2159 concurrant

953 2172 1005 2203 23⁰
1039 2172 1084 2202 Fit
1114 2171 1292 2211 irregularis
1337 2173 1387 2213 qui
1414 2171 1506 2202 mulieri

845 2239 849 2243 -
910 2226 998 2248 unam
1013 2214 1175 2246 mamillam
1190 2215 1340 2247 abscindit
1352 2218 1432 2257 ,quia
1445 2223 1505 2246 una-

257 2301 264 2308 .
280 2258 330 2288 470
345 2260 401 2295 Qui
416 2260 542 2293 alterum
553 2263 658 2294 occidit
669 2263 708 2294 ad
720 2272 855 2295 necessa·
878 2278 884 2312 Ι
908 2269 1034 2303 quaeque
1063 2259 1196 2291 mamilla
1219 2261 1377 2302 proprium
1401 2260 1503 2292 officium

239 2310 313 2332 riam
335 2305 381 2334 sui
405 2305 605 2337 dci-insinuem
632 2317 699 2339 cum
711 2308 854 2339 monera·
878 2316 883 2341 Ξ
907 2307 1007 2338 habel-

236 2346 316 2376 mine
339 2347 497 2389 inculpat-c
511 2352 632 2392 tutelae,
647 2362 708 2386 uon
726 2353 854 2388 ium-ut
874 2345 885 2392 l
946 2351 999 2382 24⁰
1012 2349 1100 2383 Valde
1105 2350 1308 2392 probabiliter
1316 2353 1349 2384 lit
1359 2348 1501 2393 irregulari!
