1617 2892
622 217 660 239 nt.
673 215 859 239 mni-:cuum
866 214 997 239 snmus.

164 278 246 310 modi
255 279 333 310 enim
344 277 492 311 nubentes
505 277 616 310 similes
625 280 696 308 sunt
709 286 783 307 con·

164 323 179 351 t
198 324 353 354 rubentibus
388 322 501 363 duplex
532 321 749 353 Matrimonium
774 344 782 359 ,

162 369 311 404 quatenus
331 372 398 408 post
423 366 604 398 connubium
631 364 784 406 spirituale

162 415 236 442 e'lm
248 412 365 443 Christo
377 413 492 449 initum,
501 411 541 442 ab
553 419 589 441 eo
603 409 782 445 recedentes,

162 456 312 486 tttentant
351 456 566 487 Matrimonium
598 454 782 486 contrahere.

161 492 214 529 Ῐῑὲ
223 501 411 532 communiter
417 501 474 531 DD.
487 499 647 530 dummodo
655 498 712 528 tale
723 499 783 528 Ma-

162 540 337 576 trimonium
348 546 388 575 sit
396 548 679 581 consummatum,ut
686 542 785 574 adhuc

161 589 358 621 communiter
368 589 426 619 Do.
440 588 549 619 docent
561 606 603 612 —
614 588 681 619 448.

212 633 363 672 Quoeritur
378 633 410 662 ⁴·
428 637 501 672 quot
520 632 615 663 modis
635 633 786 672 contingat

158 669 295 715 nimmia
305 677 529 717 interpretativa
539 677 555 707 ‘l

207 723 242 753 Β.
260 738 299 745 -
313 721 459 761 contingit
475 721 660 762 quadruplici
675 721 762 752 modo
777 732 783 751 :

161 763 336 804 ⁴·Quando
351 768 418 806 quis
431 766 514 797 ducit
528 767 646 796 viduam
660 767 722 804 jam
734 776 786 795 co—

158 813 294 850 gnitam,
314 812 427 841 etiamsi
448 811 540 841 ducat
556 810 691 840 invalide.
707 810 786 840 Dici-

160 858 214 887 tur
224 855 388 895 co9nitam,·
400 864 471 886 nam
490 856 575 886 sectis
595 860 674 886 esset
686 855 710 885 si
723 855 787 894 pri-

157 907 235 933 mus
249 901 297 931 vir
311 909 377 931 eam
392 909 451 931 non
472 901 649 940 cognoverit.
664 917 705 923 —
720 900 785 930 437.

154 960 201 971 —-
228 945 265 976 2·
287 944 411 981 Quando
430 946 499 985 quis
522 945 605 975 ducit
633 944 785 975 mulierem

154 993 341 1030 corruptam
365 989 405 1020 ab
436 989 502 1020 alio.
529 989 623 1020 Sectis
638 1013 646 1027 ‚
675 989 699 1019 si
721 989 788 1029 quis

153 1034 294 1066 duceret
309 1033 465 1064 mulierem
482 1035 499 1064 a
517 1042 550 1064 se
564 1034 648 1074 prius
660 1042 788 1073 corrup-

152 1083 240 1111 tam.
254 1095 298 1102 —
310 1078 380 1109 ⁴38.
400 1095 442 1101 —
453 1078 485 1109 3⁰
505 1078 630 1114 Quando
652 1079 719 1118 quis
736 1087 788 1107 co-

151 1123 285 1165 gnoscit
303 1131 427 1154 uxorem
438 1146 447 1161 ,
462 1124 620 1163 postquam
638 1122 686 1152 illa
702 1121 787 1152 adul·

151 1168 281 1200 terium
307 1167 508 1205 commiserit;
544 1168 613 1207 quia
648 1167 695 1197 vir
718 1175 790 1206 cog-

152 1220 298 1245 noscens
324 1220 448 1243 uxorem
473 1211 514 1242 ab
540 1211 598 1242 alio
623 1211 789 1251 cognitam,

152 1260 310 1290 censetur
323 1265 359 1287 ac
372 1257 398 1288 si
411 1260 583 1297 corruptam
596 1255 739 1288 duxisset.
750 1273 790 1279 -—

154 1303 241 1335 ut.
262 1318 305 1325 —
332 1302 364 1332 4⁰
393 1301 518 1338 Quando
542 1301 610 1342 quis
635 1301 695 1332 duo
713 1310 790 1332 con-

154 1346 266 1379 trahit
307 1350 338 1377 et
369 1351 552 1377 consummat
584 1347 765 1377 Matrimonia
780 1371 788 1385 ‚

157 1399 269 1423 unum
294 1390 444 1429 validum,
466 1390 594 1422 alterum
618 1391 789 1423 invalidum.

209 1479 319 1512 Unde:

208 1526 245 1557 4·
267 1526 315 1556 Fit
338 1526 511 1566 irregularis
533 1527 586 1566 qui
614 1526 696 1559 ducit
718 1536 789 1558 cor-

159 1574 294 1613 ruptam
303 1593 311 1607 ,
324 1570 449 1601 credens
462 1570 539 1601 bona
554 1570 612 1601 fide
632 1572 774 1611 virginem
783 1595 791 1609 ,

158 1616 210 1647 ita
237 1614 431 1647 communiter
452 1619 483 1646 et
501 1614 604 1647 veritas
625 1617 661 1646 D.
686 1616 792 1653 Thom„

161 1664 244 1698 etc.;
265 1660 337 1700 quia
360 1658 564 1700 irregularitas
585 1659 650 1690 hoec
669 1669 727 1692 non
747 1665 793 1691 est

162 1715 210 1738 ox
224 1704 350 1742 delicto,
370 1703 424 1735 sed
443 1713 482 1735 ex
507 1703 624 1735 defectu
644 1705 792 1745 significa-

164 1749 263 1781 tionis
287 1749 405 1781 unionis
423 1748 533 1780 Christi
556 1758 624 1780 cum
647 1749 791 1786 Ecclesia,

162 1795 263 1826 unica
280 1794 346 1834 ejus
366 1794 496 1834 sponsA:
523 1794 603 1824 unde
623 1793 698 1825 bona
720 1794 794 1825 fides

164 1847 235 1872 non
247 1838 372 1880 impedit
383 1843 416 1869 ut
428 1847 498 1869 caro
510 1840 566 1870 viri
576 1848 635 1870 nou
644 1839 794 1870 dividatur

165 1893 245 1916 eum
265 1884 421 1924 corrupta,
445 1883 514 1914 licet
536 1885 619 1926 virgo
642 1884 792 1916 credatur.

212 1974 250 2005 2-
276 1974 323 2005 Fit
344 1974 517 2014 irregularis
543 1975 594 2014 qui
618 1984 688 2006 cum
722 1983 795 2005 cor-

168 2018 265 2060 rupta
293 2018 420 2049 invalide
442 2019 590 2050 contrahit
612 2019 651 2049 ob
677 2018 796 2060 aliquod

167 2060 422 2103 impedimentum
432 2063 584 2095 dirimens.
599 2080 640 2086 —
652 2064 720 2095 440.

215 2108 252 2138 3⁹
271 2106 326 2137 Vir
342 2115 521 2147 cognoscens
541 2116 665 2138 uxorem
678 2107 718 2138 ab
738 2108 795 2139 alio

168 2152 340 2192 cognitam,
357 2151 390 2182 fit
402 2151 582 2192 irregularis,
603 2152 658 2183 etsi
678 2151 796 2183 adulte-

168 2196 258 2227 rium
272 2195 361 2226 suerit
379 2195 536 2227 occultum.
550 2196 593 2226 lta
610 2197 694 2227 Your.
705 2219 712 2233 ,
729 2196 797 2228 licet

169 2240 286 2272 mulier
307 2240 398 2271 fuerit
423 2239 454 2270 vi
483 2248 643 2282 oppressa;
673 2244 796 2281 propter

169 2284 327 2318 derectum
337 2284 565 2325 signifioatIonis.
577 2300 619 2307 —
632 2284 702 2315 442.

217 2329 252 2360 b·
263 2329 308 2360 Fit
317 2329 490 2370 irregularis
499 2330 549 2370 qui
560 2329 699 2370 ignorans
711 2327 795 2360 adul-

1377 204 1455 239 ,2⁴37

837 276 946 307 terium
972 276 1075 309 uxoris
1109 276 1189 308 illam
1222 277 1378 317 cognoscit.
1410 274 1455 306 Ita

837 321 1030 351 communiter
1042 324 1073 358 et
1081 320 1184 351 veritis
1198 321 1273 357 Pal..
1287 325 1350 353 etc..
1361 328 1456 359 prop-

838 369 884 394 ter
893 364 1040 395 desectum
1048 364 1269 405 significationis
1277 365 1330 404 qui
1337 363 1456 405 culpam

836 417 896 438 non
911 410 1044 448 requirit.
1056 426 1097 432 —
1112 410 1179 440 443.

880 453 911 483 ὅθ
921 454 966 483 Fit
981 453 1153 494 irregularis
1166 454 1218 494 qui
1232 453 1292 484 duo
1304 454 1457 485 Matrimo-

839 498 885 528 nia
901 500 1057 532 contraxit.
1076 499 1164 529 ambo
1179 499 1315 529 invalida.
1327 499 1370 529 lta
1377 508 1454 538 pro-

839 542 966 573 babilit'aes
976 545 1011 574 D.
1028 544 1123 574 Thom.
1134 548 1196 577 etc..
1205 549 1236 574 et
1245 542 1457 574 communici-

839 590 898 624 me,
910 589 978 628 quia
991 588 1071 619 solus
1079 589 1203 620 affectus
1210 588 1460 619 intentionisirre·

839 632 1024 673 gularitatem
1041 634 1161 664 inducit.
1171 650 1212 656 ——
1227 634 1295 664 445.

880 678 911 707 δ’·
922 678 1049 708 Incurrit
1059 679 1307 718 irregularitatem
1320 679 1372 720 qui
1381 688 1459 710 con-

839 722 931 752 trahit
951 723 1011 753 duo
1031 724 1214 753 Matrimonia
1231 724 1326 761 nulla,
1347 724 1414 753 lieu,
1427 724 1458 754 in

841 766 917 796 bona
933 766 998 797 fide.
1016 767 1058 797 lta
1067 768 1252 799 com-munias
1264 772 1296 798 et
1313 766 1459 808 probabi-

841 810 899 841 lifts
907 811 997 850 Sylv„
1009 815 1061 842 etc.
1075 828 1116 835 -
1128 813 1195 843 446.

881 855 1051 887 7⁰1ncurrit
1064 857 1311 896 irregularitatem
1324 858 1377 898 qui
1392 857 1459 889 ficte

842 902 990 931 contraxit
1022 902 1185 932 secundum
1219 903 1436 933 Matrimonium
1449 923 1459 941 ‚

841 945 908 975 licet
924 947 1036 976 tannim
1058 946 1096 976 ad
1116 946 1251 987 copulam
1272 951 1460 987 extorquen-

841 989 919 1019 dam.
935 990 976 1020 lta
990 990 1174 1029 probabilius
1186 993 1286 1026 Suar..
1298 995 1369 1028 εει-Ἴ·
1389 992 1458 1031 quia

842 1035 950 1066 sufficit
972 1036 1094 1066 affectus
1114 1036 1153 1067 ad
1185 1037 1244 1067 duo
1275 1036 1459 1068 Matrimonia

841 1079 973 1110 exterius
986 1080 1123 1111 ineunda.
1135 1097 1175 1104 -
1190 1081 1257 1111 447.

887 1123 1039 1162 Quaeritur
1053 1125 1084 1154 2·-
1094 1125 1162 1164 quis
1176 1126 1268 1165 possit
1278 1125 1308 1156 in
1322 1124 1369 1156 illai
1380 1126 1460 1157 irre-

843 1167 999 1207 gularitate
1009 1167 1182 1208 dispensare
1193 1169 1209 1198 ?

885 1212 916 1242 R.
941 1228 981 1235 -
996 1213 1073 1253 Papa
1097 1213 1127 1243 in
1142 1213 1189 1243 illa
1213 1218 1310 1254 potest
1333 1214 1460 1254 dispen-

843 1264 918 1286 sare.
947 1256 1108 1298 Episcopus
1128 1262 1227 1288 autem
1240 1282 1248 1297 ‚
1280 1260 1305 1289 si
1333 1258 1460 1299 bigamia

843 1300 932 1330 suerit
953 1309 1022 1331 vera
1035 1325 1042 1338 ,
1063 1306 1116 1331 aut
1138 1303 1379 1343 interpretativa,
1405 1304 1457 1333 mi-

843 1344 923 1375 nime
943 1350 1038 1385 potest
1064 1346 1094 1376 in
1111 1347 1146 1376 ea
1170 1346 1343 1387 dispensare
1364 1355 1461 1386 neque

844 1388 882 1418 ad
894 1389 1019 1420 Ordines
1038 1390 1145 1421 Sacros
1158 1390 1360 1432 suscipiendos
1371 1413 1379 1428 ‚
1402 1400 1461 1421 ne-

845 1443 904 1475 que
923 1434 963 1465 ad
990 1435 1218 1466 ministrandum
1245 1437 1275 1467 in
1296 1436 1459 1477 susceptis,

846 1488 942 1519 neque
961 1479 1001 1510 ad
1023 1480 1165 1511 Beneficia
1185 1482 1258 1522 ipsis
1275 1489 1392 1512 annexa
1409 1490 1462 1512 re-

846 1523 989 1564 cipienda.
1005 1540 1045 1547 —
1057 1525 1124 1555 45⁴.

887 1567 1040 1606 Quaeritur
1060 1569 1092 1599 3⁰
1118 1578 1155 1601 an
1181 1570 1274 1610 possit
1298 1568 1463 1610 Episcopus

846 1612 1018 1653 dispensare
1038 1622 1106 1645 cum
1122 1614 1239 1653 bigamo
1252 1613 1350 1654 quoad
1367 1614 1462 1645 Ordi-

847 1667 899 1689 nes
926 1659 1068 1698 minores,
1098 1663 1129 1689 et
1151 1659 1295 1690 Beneficia
1318 1659 1461 1700 simplicia

845 1702 1030 1743 suscipienda
1039 1703 1054 1733 ἲ

888 1748 919 1777 R.
936 1763 977 1769 —
992 1747 1150 1788 Affirmant
1166 1749 1199 1778 D.
1223 1747 1336 1787 Thom.,
1350 1752 1402 1780 etc.
1420 1765 1463 1772 —-

846 1791 905 1823 Sed
916 1792 1017 1823 veritas
1026 1793 1242 1834 ²1e9anlSuar.,
1254 1797 1317 1831 etc„
1327 1802 1366 1824 ex
1381 1793 1461 1824 Trid.

886 1883 968 1913 Nola.
985 1882 1100 1914 Proelati
1124 1883 1292 1923 regulares,
1312 1892 1351 1914 ex
1364 1881 1462 1923 privil.

848 1928 933 1959 Siaeti
945 1929 991 1964 IV,
1005 1933 1128 1968 possunt
1140 1929 1312 1968 dispensare
1320 1936 1389 1957 cum
1400 1927 1463 1958 suis

848 1972 975 2004 subditis
985 1973 1015 2003 in
1025 1974 1105 2003 omni
1120 1973 1303 2012 bigamia.—
1313 1972 1383 2002 453.

877 2049 896 2088 5
908 2049 955 2079 Vl.
966 2066 1007 2072 -
1020 2050 1060 2079 De
1071 2048 1293 2087 Irreyularitate
1305 2050 1370 2079 orm
1381 2055 1426 2079 σω

1088 2091 1223 2131 infamia.

889 2158 959 2189 Haec
982 2156 1185 2197 irregularitas
1206 2157 1302 2188 oritur
1324 2166 1361 2188 ex
1382 2156 1464 2188 inia-

851 2203 909 2233 mia
921 2225 929 2238 ,
949 2202 1010 2232 sive
1014 2201 1119 2240 juris,
1139 2211 1209 2242 quae
1229 2201 1275 2232 vel
1296 2210 1334 2232 ex
1358 2201 1464 2232 delicto

849 2247 988 2288 proprio,
1010 2245 1056 2277 vel
1079 2250 1253 2287 parentum,
1278 2245 1325 2276 vel
1346 2254 1388 2278 ex
1413 2246 1464 2277 vili

849 2291 1015 2322 conditione
1048 2299 1184 2331 personae
1217 2290 1367 2330 nascitur-3
1402 2290 1465 2322 sivo

848 2335 921 2376 facti
932 2360 940 2375 ,
958 2334 1044 2365 modo
1057 2335 1168 2365 crimen
1181 2334 1330 2376 publicum
1342 2336 1381 2366 sit
1394 2345 1401 2365 :
1425 2343 1464 2366 ex
