1617 2892
712 376 750 400 DE
773 375 968 400 mrnutomo.

1411 370 1477 403 65⁷

209 433 585 477 &interrogationibuffi
598 440 632 467 ut
645 435 810 467 abstineant
866 445 953 467 cansa
972 437 1066 477 ipsam
1086 436 1216 477 periculo
1236 436 1416 478 exponendi,
1438 446 1476 470 ne

209 478 330 521 tempore
341 482 561 521 praegnationis.

248 525 389 563 Qum-itur
409 526 463 555 20⁰
487 533 525 555 an
545 525 659 556 secluso
681 524 812 564 periculo

209 566 317 600 abortus
336 569 375 599 sit
390 569 478 609 culpa
495 570 615 599 venialis
628 570 738 600 habere
747 570 809 599 coi-

209 615 264 644 tum
275 622 339 644 cum
349 618 524 654 praegnante
534 614 550 643 ?

238 658 271 689 Β.
288 673 324 681 -
337 657 492 699 Affirmant
504 659 536 688 D.
549 659 614 690 Ant.
623 683 631 697 ,
645 663 708 695 etc..
718 659 788 699 quia
799 682 807 695 ‚

209 706 290 734 stante
308 703 383 734 foetu
405 707 565 744 concepto,
578 704 739 734 frustratur
759 712 809 734 se-

209 754 264 777 nen
283 755 337 778 suo
355 747 414 778 fine
432 748 637 787 generationis.
648 748 809 787 -Neyant

209 793 265 821 vero
285 790 390 821 Sanclt.
403 815 411 828 ,
435 794 486 821 etc.
499 815 507 829 ‚
532 793 595 821 tum
617 791 685 830 quia
704 790 807 821 nullibi

209 835 318 866 iubetur
338 834 369 865 id
387 844 440 875 per
455 844 488 866 se
501 844 566 866 esse
581 836 703 865 vetitum
718 845 726 873 ;
743 837 806 866 tum

209 881 262 919 mia
283 883 361 911 esset
380 888 456 909 onus
472 880 679 919 gravissimum
690 903 699 917 ,
713 884 744 910 et
756 888 806 910 res

209 924 322 965 *xposita
335 924 501 954 innumeris
521 924 659 964 pericuiis
678 933 804 964 peccan-

209 967 225 998 ii
236 968 386 999 venialiter
400 992 409 1006 ,
429 968 455 999 si
475 969 614 1008 conjuges
633 972 805 999 tenerentur

209 1012 293 1043 nudie
306 1012 458 1044 abstinere
470 1011 510 1042 ab
529 1021 585 1043 usu
598 1013 723 1053 conjugii
737 1022 804 1044 ma-

209 1056 287 1088 nendo
304 1058 337 1088 in
358 1057 462 1088 eodem
484 1061 556 1087 toro.
577 1074 618 1080 —
636 1058 802 1096 Caeterum,

209 1101 262 1132 nihi
278 1101 392 1133 arridet
411 1103 555 1133 sententia
567 1126 575 1140 ,
593 1110 683 1142 quam
704 1107 804 1133 tenent

209 1147 286 1185 bnt,
299 1150 352 1177 etc.
367 1166 378 1182 ,
397 1147 505 1187 nempe
526 1146 606 1187 qued
628 1148 722 1178 coitus
734 1156 802 1178 cum

209 1195 361 1231 raegnante
374 1199 433 1221 non
451 1192 543 1231 possit
560 1192 695 1222 excusari
708 1193 726 1222 a
739 1191 802 1222 cul-

209 1235 229 1265 fi
250 1234 374 1274 veniaii,
395 1236 452 1266 nisi
474 1235 551 1266 adsit
572 1235 735 1275 pericuium
754 1236 801 1265 in—

209 1279 374 1310 nntinentiae
388 1303 396 1317 ,
412 1278 458 1310 vel
474 1279 531 1310 alia
545 1279 666 1310 honesta
688 1287 776 1309 causa
791 1303 800 1317 ,

209 1325 268 1355 uta
281 1323 359 1354 dicta
370 1333 399 1354 n.
412 1324 482 1355 882.
497 1341 538 1347 —
551 1325 619 1354 924.

229 1368 381 1406 Quoeri'mr
397 1369 451 1398 21⁰
466 1376 505 1398 an
519 1369 630 1399 licitum
644 1369 683 1399 sit
695 1368 800 1407 conju—

209 1410 272 1443 ibus
283 1412 364 1443 coire
374 1416 506 1453 tempore
520 1412 683 1444 lactationis
692 1412 708 1442 ⁶?

225 1458 258 1489 tt.
270 1473 312 1481 —
325 1457 385 1488 Alii
400 1461 505 1498 neyant
515 1467 523 1496 3
534 1459 603 1498 quia
617 1458 647 1488 in
659 1458 707 1488 tali
721 1458 799 1489 coitu

209 1503 232 1532 tt
251 1502 342 1532 timor
354 1501 525 1533 detrimenti
549 1502 640 1543 prolis
653 1527 661 1540 ,
683 1503 708 1533 si
722 1511 798 1533 uxor

209 1545 335 1586 mcipiat.
350 1561 392 1569 —
407 1546 650 1577 Comwzunissime
660 1549 732 1577 verb
745 1545 798 1585 as·-

209 1593 303 1621 rmoent
322 1589 411 1620 licere
433 1590 497 1621 Pal.
509 1615 517 1627 ‚
535 1594 586 1621 etc.
608 1591 692 1621 Ratio
704 1615 712 1629 ,
728 1591 797 1630 quia

209 1641 244 1664 on
255 1637 353 1665 exstat
366 1633 415 1665 lex
427 1634 589 1675 prohibens
603 1644 611 1673 ;
627 1635 697 1666 item
707 1659 715 1673 ‚
728 1636 797 1675 quia

209 1677 345 1709 nimium
368 1678 515 1709 inficiendi
536 1678 598 1716 iac,
621 1683 694 1710 teste
707 1688 798 1719 expe-

209 1722 305 1761 ientia,
328 1730 430 1753 rarum
451 1726 515 1759 est,
530 1722 634 1753 saitem
656 1731 714 1753 non
728 1727 796 1753 tan·

209 1766 268 1805 hm,
301 1771 335 1797 ut
370 1770 528 1797 teneantur
550 1767 689 1806 conjuges
715 1770 795 1797 tento

209 1818 312 1852 stupore
336 1810 487 1842 abstinere
513 1810 552 1841 nb
573 1819 630 1841 usu
648 1811 793 1850 conjugii,

209 1862 251 1886 um
270 1856 407 1887 continuo
428 1855 558 1896 periculo
583 1855 731 1895 peccandi.
753 1871 794 1878 —-

209 1898 337 1941 &cipiunt
346 1904 444 1931 tamen
459 1901 578 1931 Pontius
589 1924 597 1939 ,
612 1904 674 1938 etc„
685 1904 710 1931 si
723 1909 793 1931 con-

209 1945 330 1981 flancint
342 1944 427 1974 vaide
441 1953 586 1985 pauperes
599 1968 607 1983 ,
619 1948 649 1975 et
662 1944 793 1985 prudens

209 1983 258 2018 &it
274 1989 362 2019 timor
385 1988 424 2019 de
447 1989 529 2028 gravi
551 1988 660 2019 damno
679 1989 770 2030 prolis
783 2012 791 2026 ,

209 2035 253 2061 me
264 2032 341 2063 enim
352 2056 359 2070 ,
375 2036 408 2062 ut
421 2031 524 2062 dicunt
535 2057 543 2070 ,
559 2038 663 2064 neuter
675 2037 791 2064 tenetur

209 2070 302 2122 {fidere
322 2100 330 2114 ,
351 2077 411 2106 imo
429 2101 438 2114 ,
464 2086 519 2107 nec
541 2081 636 2117 potest
663 2082 763 2118 petere
780 2102 789 2116 ,

209 2118 289 2152 'fimi
309 2121 348 2152 sit
369 2121 532 2160 periculum
553 2122 769 2152 incontinentiae
781 2145 790 2158 ,

209 2160 247 2194 ¹5⁸
268 2174 327 2196 non
358 2164 425 2195 licet
457 2165 513 2196 sibi
536 2166 688 2197 consulere
721 2174 789 2196 cum

209 2212 283 2240 mno
301 2210 466 2241 innocentis
480 2234 488 2248 .
511 2212 579 2241 cum
602 2210 658 2241 alia
680 2220 787 2251 suppe-

209 2253 240 2282 22
257 2253 353 2285 media
366 2253 406 2284 ad
422 2254 661 2286 incontinentiam
674 2256 787 2286 sedan—

209 2300 254 2345 }h.
266 2298 379 2330 Verum
391 2299 494 2330 Sonch.
507 2323 516 2338 ‚
530 2309 565 2331 eo
578 2309 649 2331 casu
665 2305 786 2332 excusat

209 2341 293 2375 *dem
322 2344 461 2384 conjuges
490 2345 509 2375 ὲ
538 2344 689 2376 reddendo
702 2369 710 2385 ,
733 2345 787 2377 sed

209 2390 236 2418 Ιι
255 2388 344 2420 audet
366 2388 508 2419 damnare
530 2390 695 2429 exigentem
709 2414 718 2428 ,
732 2388 785 2420 di-

209 2435 246 2464 118
257 2432 336 2472 qnod
354 2436 425 2464 tunc
437 2432 482 2463 vc!
494 2433 550 2464 alie
565 2435 610 2465 vid
622 2435 684 2475 ipse
700 2439 784 2475 pote-

209 2480 215 2500 ··
242 2476 319 2518 proti
347 2476 499 2509 consulere
512 2501 522 2518 ,
542 2479 588 2510 vei
619 2480 676 2511 erit
704 2481 784 2519 juata

864 481 967 511 tandiu
992 483 1131 521 conjuges
1156 487 1298 520 cogantur
1327 481 1477 514 abstinere

863 535 931 556 cum
956 526 1036 556 tanta
1060 524 1241 556 difficultate.
1262 524 1336 556 Vide
1355 534 1385 556 n.
1405 525 1474 557 94¹.

906 614 1060 653 Quaeritur
1076 615 1129 645 22⁰
1144 624 1184 646 an
1197 615 1308 646 licitum
1324 615 1363 646 sit
1375 615 1477 655 conju-

861 657 949 697 gibus
958 659 1037 688 coire
1048 663 1181 698 tempore
1194 660 1338 690 menstrui
1347 659 1364 689 7

902 703 935 732 R.
948 718 989 725 -—
1002 704 1083 733 Nota.
1096 703 1182 733 Alius
1194 707 1240 734 est
1252 703 1352 734 fluxus
1365 703 1476 734 mulie-

862 747 904 777 ris
924 747 1067 777 naturalis
1087 751 1117 777 et
1145 747 1338 788 ordinarius,
1360 751 1390 779 et
1420 748 1476 779 iste

861 791 979 831 proprie
993 791 1101 821 dicitur
1110 795 1279 822 menstruus
1290 815 1298 829 ,
1312 792 1381 832 quia
1390 800 1475 823 com-

862 836 990 865 muniter
1014 835 1138 875 singulis
1170 835 1322 867 mensibus
1344 836 1418 867 solet
1441 837 1475 868 in

860 879 976 910 feminis
993 879 1126 910 accidere
1140 903 1149 918 ,
1163 884 1195 910 et
1205 879 1294 910 durat
1316 884 1350 910 ut
1373 880 1474 921 pluri-

860 925 942 954 mum
962 933 1017 964 per
1035 923 1110 954 duos
1134 924 1180 954 vel
1207 928 1268 955 tres
1290 923 1362 956 ἀίω.
1388 924 1473 957 Alius

858 968 1113 1000 extraordinarius
1127 969 1303 1009 proveniens
1322 979 1361 1001 ex
1373 969 1472 1010 atiquo

858 1012 962 1043 morbo
971 1012 1111 1044 diuturno
1122 1037 1130 1051 ,
1151 1014 1202 1053 qui
1213 1012 1370 1053 aliquando
1382 1013 1472 1045 durat

858 1059 952 1097 usque
962 1057 1000 1088 ad
1010 1057 1164 1088 duodecim
1173 1057 1238 1088 dies
1250 1061 1281 1088 et
1292 1057 1368 1088 ultra
1376 1067 1383 1087 :
1391 1066 1471 1088 nunc

857 1100 896 1131 ad
904 1102 1063 1140 quaesitum
1081 1101 1165 1132 dico:
1177 1102 1202 1132 si
1219 1106 1324 1142 agatur
1337 1101 1375 1132 de
1385 1101 1471 1133 fluxu

856 1145 1090 1176 extraordinario
1100 1169 1109 1184 ‚
1121 1150 1236 1176 certum
1254 1149 1300 1177 est
1309 1145 1397 1177 licere
1408 1147 1470 1177 tam

856 1189 981 1221 reddere
1000 1191 1088 1230 quem
1110 1194 1219 1230 petere.
1234 1190 1265 1221 Si
1280 1192 1351 1221 vero
1362 1195 1468 1231 agatur

854 1233 893 1264 de
914 1233 998 1264 fluxu
1021 1233 1165 1270 naturali,
1188 1238 1249 1265 tres
1269 1234 1378 1266 adsunt
1397 1244 1469 1268 sen-

856 1278 964 1309 tentioe.
979 1278 1082 1308 Prima
1091 1277 1212 1309 damnat
1221 1278 1330 1309 coitum
1339 1279 1378 1310 de
1387 1288 1468 1311 mor-

854 1322 923 1361 tali,
948 1325 979 1352 et
999 1322 1075 1352 banc
1095 1326 1195 1353 tenent
1211 1323 1246 1352 D.
1273 1322 1368 1353 Thom.
1380 1346 1389 1362 ,
1412 1328 1465 1355 etc.

853 1382 894 1390 —
917 1366 1052 1397 Secunda
1083 1366 1210 1397 totatiter
1241 1367 1373 1408 opposita
1394 1367 1467 1399 dicit

852 1419 1002 1442 accessum
1013 1410 1051 1441 ad
1062 1415 1277 1442 menstruatam
1290 1412 1369 1442 omni
1378 1411 1465 1453 cuipd

852 1464 962 1487 carere.
977 1456 1020 1486 lt'a
1034 1455 1134 1486 Glossa
1144 1479 1152 1491 .
1167 1459 1233 1494 etc„
1247 1456 1318 1496 quia
1331 1455 1363 1486 id
1379 1456 1466 1487 hodie

851 1499 931 1530 nullo
945 1500 1014 1540 jure
1033 1499 1215 1541 prohibetur.
1232 1516 1269 1523 —
1290 1500 1387 1531 Tertia
1404 1500 1465 1532 de-

851 1546 933 1575 mum
963 1544 1199 1575 communissima
1228 1548 1259 1575 et
1285 1544 1464 1585 probabilior·

851 1588 922 1619 dicit
947 1590 1056 1620 coitum
1086 1593 1218 1629 tempore
1240 1590 1383 1621 menstrui
1402 1599 1463 1622 non

851 1642 915 1664 esse
929 1632 1052 1664 mortale
1062 1656 1070 1672 ,
1088 1632 1141 1664 sed
1154 1642 1213 1664 non
1232 1634 1368 1665 excusari
1380 1635 1398 1665 a
1408 1643 1463 1666 ve-

850 1677 931 1716 niali3
943 1677 986 1707 lta
995 1677 1025 1708 S.
1033 1677 1177 1715 Antonin..
1186 1678 1270 1715 Nau..
1281 1678 1376 1717 eone„
1386 1678 1461 1717 Pal..

849 1721 949 1759 Bone„
964 1725 1029 1761 etc„
1053 1722 1123 1762 quia
1142 1721 1209 1753 talis
1227 1722 1321 1752 cuitus
1339 1721 1462 1753 involvit

848 1765 1006 1806 quamdam
1046 1765 1306 1797 deordinationem.
1341 1766 1460 1798 Conve—

847 1811 933 1841 niunt
948 1815 1047 1841 autem
1066 1811 1160 1847 Nav.5
1179 1814 1231 1842 etc.
1255 1810 1334 1851 quod
1346 1811 1459 1843 nullum

846 1855 886 1885 sit
907 1860 1059 1895 peccatum
1082 1855 1160 1885 coire
1184 1855 1234 1886 tali
1258 1859 1410 1897 tempore,
1432 1856 1459 1888 si

845 1899 922 1931 adsit
935 1899 1031 1940 aliqua
1051 1908 1139 1931 causa
1153 1900 1365 1940 turpitudinem
1379 1901 1459 1933 iliam

846 1943 1038 1974 cohonestans
1048 1967 1057 1983 ,
1069 1946 1175 1985 nempe
1185 1944 1224 1974 ad
1234 1944 1353 1975 vitanda
1365 1944 1459 1976 dissi·-

844 1987 912 2027 ἀίω,
931 1992 983 2019 aut
1004 1989 1243 2020 incontinentiam
1260 1989 1292 2019 in
1307 1996 1341 2019 se
1361 1989 1407 2019 vel
1426 1989 1458 2021 in

844 2032 938 2064 altero
947 2057 956 2071 ,
970 2037 1022 2064 aut
1035 2033 1092 2064 alia
1101 2034 1217 2064 similia.

885 2078 1039 2116 Quoerieur
1047 2079 1101 2109 23⁶
1109 2087 1148 2109 an
1161 2087 1233 2110 casu
1242 2088 1302 2119 quo
1311 2078 1390 2110 nulla
1404 2077 1456 2110 ad·

843 2122 882 2153 sit
893 2131 982 2154 causa
991 2146 999 2159 ,
1012 2132 1089 2153 uxor
1103 2127 1284 2154 menstruata
1305 2123 1414 2162 possit,
1425 2125 1457 2152 et

843 2170 978 2198 teneatur
988 2166 1121 2198 debitum
1137 2165 1262 2197 reddere
1271 2189 1280 2204 ‚
1292 2167 1317 2196 si
1330 2166 1456 2196 maritus

842 2213 970 2243 monitus
980 2211 1052 2242 nolit
1064 2210 1206 2242 desistere
1219 2210 1235 2240 7

881 2256 914 2286 R.
928 2271 968 2278 —
979 2255 1134 2296 Affirmant
1145 2254 1222 2293 Pan,
1230 2258 1282 2286 ecc.
1293 2271 1332 2281 ·—
1341 2255 1453 2287 Vei-dm

837 2298 1019 2339 probabilius
1038 2298 1204 2339 negandum
1221 2308 1232 2336 ,·
1256 2299 1339 2330 natio
1352 2324 1361 2338 ,
1385 2300 1454 2339 quia

840 2345 907 2374 cnm
917 2343 1003 2384 culpa
1013 2367 1022 2382 ,
1035 2344 1151 2374 etiamsi
1165 2344 1299 2381 venialis,
1309 2352 1343 2375 se
1355 2348 1454 2375 teneat

839 2398 876 2419 ex
884 2393 968 2429 parte
977 2387 1262 2428 actosfflrobabilit'ts
1270 2397 1328 2419 non
1334 2392 1453 2420 tenetur

838 2435 964 2472 conjux,
980 2442 1076 2473 neque
1098 2436 1196 2474 potest
1217 2433 1295 2464 licite
1317 2432 1452 2465 debitum

839 2478 971 2511 reddere.
984 2478 1057 2511 Vide
1066 2487 1096 2510 n.
1110 2478 1179 2510 946.
1189 2493 1230 2502 -—
1240 2478 1307 2510 925.
