<?xml version="1.0" encoding="UTF-8"?>
<!DOCTYPE html PUBLIC "-//W3C//DTD XHTML 1.0 Transitional//EN"
    "http://www.w3.org/TR/xhtml1/DTD/xhtml1-transitional.dtd">
<html xmlns="http://www.w3.org/1999/xhtml" xml:lang="en" lang="en">
 <head>
  <title>
</title>
<meta http-equiv="Content-Type" content="text/html;charset=utf-8" />
  <meta name='ocr-system' content='tesseract 3.04.00' />
  <meta name='ocr-capabilities' content='ocr_page ocr_carea ocr_par ocr_line ocrx_word'/>
</head>
<body>
  <div class='ocr_page' id='page_1' title='image "./compendiumtheol00ligugoog_0655.png"; bbox 0 0 1617 2892; ppageno 0'>
   <div class='ocr_carea' id='block_1_1' title="bbox 618 390 870 415">
    <p class='ocr_par' dir='ltr' id='par_1_1' title="bbox 618 390 870 415">
     <span class='ocr_line' id='line_1_1' title="bbox 618 390 870 415; baseline 0.012 -3"><span class='ocrx_word' id='word_1_1' title='bbox 618 390 655 412; x_wconf 69' lang='lat' dir='ltr'><strong>⁰ss</strong></span> <span class='ocrx_word' id='word_1_2' title='bbox 678 392 696 413; x_wconf 75' lang='grc' dir='ltr'><strong>ΙΙ</strong></span> <span class='ocrx_word' id='word_1_3' title='bbox 704 392 870 415; x_wconf 65' lang='lat' dir='ltr'><strong>iTnmouto.</strong></span> 
     </span>
    </p>
   </div>
   <div class='ocr_carea' id='block_1_2' title="bbox 201 456 748 2037">
    <p class='ocr_par' dir='ltr' id='par_1_2' title="bbox 201 456 748 2037">
     <span class='ocr_line' id='line_1_2' title="bbox 201 456 724 493; baseline 0.002 -6"><span class='ocrx_word' id='word_1_4' title='bbox 201 470 203 477; x_wconf 73' lang='lat'><em>¹</em></span> <span class='ocrx_word' id='word_1_5' title='bbox 228 459 370 493; x_wconf 64' lang='lat' dir='ltr'><strong>exiet-no,</strong></span> <span class='ocrx_word' id='word_1_6' title='bbox 398 456 508 487; x_wconf 71' lang='lat' dir='ltr'><strong>sufficit</strong></span> <span class='ocrx_word' id='word_1_7' title='bbox 535 465 612 488; x_wconf 83' lang='lat' dir='ltr'><strong>unus</strong></span> <span class='ocrx_word' id='word_1_8' title='bbox 641 458 724 488; x_wconf 79' lang='lat' dir='ltr'><strong>testis</strong></span> 
     </span>
     <span class='ocr_line' id='line_1_3' title="bbox 201 501 725 538; baseline 0.008 -10"><span class='ocrx_word' id='word_1_9' title='bbox 201 503 243 529; x_wconf 79' lang='lat' dir='ltr'><strong>tus</strong></span> <span class='ocrx_word' id='word_1_10' title='bbox 254 503 285 529; x_wconf 89' lang='lat' dir='ltr'><strong>et</strong></span> <span class='ocrx_word' id='word_1_11' title='bbox 298 505 432 538; x_wconf 66' lang='lat' dir='ltr'><strong>juratus,</strong></span> <span class='ocrx_word' id='word_1_12' title='bbox 454 501 567 531; x_wconf 87' lang='lat' dir='ltr'><strong>etiamsi</strong></span> <span class='ocrx_word' id='word_1_13' title='bbox 581 502 665 532; x_wconf 85' lang='lat' dir='ltr'><strong>testis</strong></span> <span class='ocrx_word' id='word_1_14' title='bbox 678 501 725 531; x_wconf 88' lang='lat' dir='ltr'><strong>ille</strong></span> 
     </span>
     <span class='ocr_line' id='line_1_4' title="bbox 201 542 723 582; baseline 0.004 -9"><span class='ocrx_word' id='word_1_15' title='bbox 201 542 357 582; x_wconf 73' lang='lat' dir='ltr'><strong>iminosm,</strong></span> <span class='ocrx_word' id='word_1_16' title='bbox 378 548 409 574; x_wconf 86' lang='lat' dir='ltr'><strong>et</strong></span> <span class='ocrx_word' id='word_1_17' title='bbox 429 553 486 575; x_wconf 86' lang='lat' dir='ltr'><strong>non</strong></span> <span class='ocrx_word' id='word_1_18' title='bbox 502 544 608 576; x_wconf 79' lang='lat' dir='ltr'><strong>citatus</strong></span> <span class='ocrx_word' id='word_1_19' title='bbox 618 568 626 582; x_wconf 90' lang='lat'><em>,</em></span> <span class='ocrx_word' id='word_1_20' title='bbox 639 545 692 577; x_wconf 67' lang='lat' dir='ltr'><strong>wd</strong></span> <span class='ocrx_word' id='word_1_21' title='bbox 704 547 723 575; x_wconf 78' lang='lat' dir='ltr'><strong>a</strong></span> 
     </span>
     <span class='ocr_line' id='line_1_5' title="bbox 208 586 723 627; baseline 0.004 -10"><span class='ocrx_word' id='word_1_22' title='bbox 208 586 384 627; x_wconf 86' lang='lat' dir='ltr'><strong>productus;</strong></span> <span class='ocrx_word' id='word_1_23' title='bbox 406 591 437 618; x_wconf 90' lang='lat' dir='ltr'><strong>et</strong></span> <span class='ocrx_word' id='word_1_24' title='bbox 456 587 570 619; x_wconf 87' lang='lat' dir='ltr'><strong>etiamsi</strong></span> <span class='ocrx_word' id='word_1_25' title='bbox 583 588 658 619; x_wconf 79' lang='lat' dir='ltr'><strong>clam</strong></span> <span class='ocrx_word' id='word_1_26' title='bbox 672 588 723 619; x_wconf 87' lang='lat' dir='ltr'><strong>de—</strong></span> 
     </span>
     <span class='ocr_line' id='line_1_6' title="bbox 210 632 722 670; baseline 0.006 -9"><span class='ocrx_word' id='word_1_27' title='bbox 210 655 217 670; x_wconf 92' lang='lat'>,</span> <span class='ocrx_word' id='word_1_28' title='bbox 230 635 260 662; x_wconf 86' lang='lat' dir='ltr'><strong>et</strong></span> <span class='ocrx_word' id='word_1_29' title='bbox 272 632 336 662; x_wconf 90' lang='lat' dir='ltr'><strong>sine</strong></span> <span class='ocrx_word' id='word_1_30' title='bbox 356 632 588 663; x_wconf 64' lang='lat' dir='ltr'><strong>manifestatione</strong></span> <span class='ocrx_word' id='word_1_31' title='bbox 602 634 647 664; x_wconf 88' lang='lat' dir='ltr'><strong>sui</strong></span> <span class='ocrx_word' id='word_1_32' title='bbox 669 643 722 664; x_wconf 89' lang='lat' dir='ltr'><strong>no·</strong></span> 
     </span>
     <span class='ocr_line' id='line_1_7' title="bbox 201 674 723 717; baseline 0.002 -12"><span class='ocrx_word' id='word_1_33' title='bbox 201 697 208 705; x_wconf 92' lang='lat'><strong>.</strong></span> <span class='ocrx_word' id='word_1_34' title='bbox 219 692 258 698; x_wconf 96' lang='lat'>—</span> <span class='ocrx_word' id='word_1_35' title='bbox 275 674 307 705; x_wconf 88' lang='lat' dir='ltr'><strong>Si</strong></span> <span class='ocrx_word' id='word_1_36' title='bbox 319 678 388 705; x_wconf 79' lang='lat' dir='ltr'><strong>vero</strong></span> <span class='ocrx_word' id='word_1_37' title='bbox 401 680 506 715; x_wconf 83' lang='lat' dir='ltr'><strong>agatur</strong></span> <span class='ocrx_word' id='word_1_38' title='bbox 521 675 559 706; x_wconf 89' lang='lat' dir='ltr'><strong>de</strong></span> <span class='ocrx_word' id='word_1_39' title='bbox 573 676 723 717; x_wconf 74' lang='lat' dir='ltr'><strong>probanda</strong></span> 
     </span>
     <span class='ocr_line' id='line_1_8' title="bbox 201 718 723 760; baseline 0 -10"><span class='ocrx_word' id='word_1_40' title='bbox 201 718 273 750; x_wconf 64' lang='lat' dir='ltr'><strong>ausi</strong></span> <span class='ocrx_word' id='word_1_41' title='bbox 300 728 368 759; x_wconf 80' lang='lat' dir='ltr'><strong>quae</strong></span> <span class='ocrx_word' id='word_1_42' title='bbox 388 728 446 749; x_wconf 90' lang='lat' dir='ltr'><strong>non</strong></span> <span class='ocrx_word' id='word_1_43' title='bbox 468 719 506 749; x_wconf 84' lang='lat' dir='ltr'><strong>sit</strong></span> <span class='ocrx_word' id='word_1_44' title='bbox 526 719 723 760; x_wconf 84' lang='lat' dir='ltr'><strong>impedimen-</strong></span> 
     </span>
     <span class='ocr_line' id='line_1_9' title="bbox 215 762 722 803; baseline 0 -9"><span class='ocrx_word' id='word_1_45' title='bbox 215 762 267 794; x_wconf 83' lang='lat' dir='ltr'><strong>aed</strong></span> <span class='ocrx_word' id='word_1_46' title='bbox 288 766 402 793; x_wconf 80' lang='lat' dir='ltr'><strong>tantum</strong></span> <span class='ocrx_word' id='word_1_47' title='bbox 419 772 488 803; x_wconf 67' lang='lat' dir='ltr'><strong>quae</strong></span> <span class='ocrx_word' id='word_1_48' title='bbox 508 762 560 793; x_wconf 89' lang='lat' dir='ltr'><strong>det</strong></span> <span class='ocrx_word' id='word_1_49' title='bbox 572 763 656 793; x_wconf 89' lang='lat' dir='ltr'><strong>alteri</strong></span> <span class='ocrx_word' id='word_1_50' title='bbox 672 764 722 801; x_wconf 81' lang='lat' dir='ltr'><strong>jus</strong></span> 
     </span>
     <span class='ocr_line' id='line_1_10' title="bbox 201 806 723 846; baseline 0.002 -9"><span class='ocrx_word' id='word_1_51' title='bbox 201 807 274 846; x_wconf 65' lang='lat' dir='ltr'><strong>zadi,</strong></span> <span class='ocrx_word' id='word_1_52' title='bbox 300 810 334 837; x_wconf 85' lang='lat' dir='ltr'><strong>ut</strong></span> <span class='ocrx_word' id='word_1_53' title='bbox 355 806 545 846; x_wconf 78' lang='lat' dir='ltr'>deformitas,</span> <span class='ocrx_word' id='word_1_54' title='bbox 572 807 723 838; x_wconf 73' lang='lat' dir='ltr'><strong>fornicatio</strong></span> 
     </span>
     <span class='ocr_line' id='line_1_11' title="bbox 201 850 721 891; baseline 0.002 -10"><span class='ocrx_word' id='word_1_55' title='bbox 201 859 239 887; x_wconf 66' lang='grc' dir='ltr'><strong>ω,</strong></span> <span class='ocrx_word' id='word_1_56' title='bbox 250 855 324 889; x_wconf 62' lang='lat' dir='ltr'><strong>etc„</strong></span> <span class='ocrx_word' id='word_1_57' title='bbox 338 850 434 891; x_wconf 81' lang='lat' dir='ltr'><strong>quoad</strong></span> <span class='ocrx_word' id='word_1_58' title='bbox 456 851 551 882; x_wconf 78' lang='lat' dir='ltr'><strong>iorum</strong></span> <span class='ocrx_word' id='word_1_59' title='bbox 564 855 721 882; x_wconf 89' lang='lat' dir='ltr'><strong>externum</strong></span> 
     </span>
     <span class='ocr_line' id='line_1_12' title="bbox 201 895 722 927; baseline -0.002 0"><span class='ocrx_word' id='word_1_60' title='bbox 201 899 301 927; x_wconf 76' lang='lat' dir='ltr'><strong>rantur</strong></span> <span class='ocrx_word' id='word_1_61' title='bbox 326 895 430 926; x_wconf 87' lang='lat' dir='ltr'><strong>saltem</strong></span> <span class='ocrx_word' id='word_1_62' title='bbox 460 895 519 926; x_wconf 87' lang='lat' dir='ltr'><strong>duo</strong></span> <span class='ocrx_word' id='word_1_63' title='bbox 551 899 640 926; x_wconf 85' lang='lat' dir='ltr'><strong>testes</strong></span> <span class='ocrx_word' id='word_1_64' title='bbox 665 895 722 926; x_wconf 83' lang='lat' dir='ltr'><strong>fide</strong></span> 
     </span>
     <span class='ocr_line' id='line_1_13' title="bbox 201 938 718 980; baseline 0 -10"><span class='ocrx_word' id='word_1_65' title='bbox 201 962 210 976; x_wconf 83' lang='grc'>,</span> <span class='ocrx_word' id='word_1_66' title='bbox 242 938 422 980; x_wconf 78' lang='lat' dir='ltr'><strong>deponentes</strong></span> <span class='ocrx_word' id='word_1_67' title='bbox 450 939 508 970; x_wconf 90' lang='lat' dir='ltr'><strong>sub</strong></span> <span class='ocrx_word' id='word_1_68' title='bbox 529 940 697 979; x_wconf 82' lang='lat' dir='ltr'><strong>juramento</strong></span> <span class='ocrx_word' id='word_1_69' title='bbox 711 965 718 977; x_wconf 83' lang='lat'>‚</span> 
     </span>
     <span class='ocr_line' id='line_1_14' title="bbox 201 982 721 1021; baseline 0.004 -8"><span class='ocrx_word' id='word_1_70' title='bbox 201 983 333 1014; x_wconf 66' lang='lat' dir='ltr'><strong>munitis</strong></span> <span class='ocrx_word' id='word_1_71' title='bbox 342 982 444 1014; x_wconf 87' lang='lat' dir='ltr'><strong>dicunt</strong></span> <span class='ocrx_word' id='word_1_72' title='bbox 454 984 571 1021; x_wconf 67' lang='lat' dir='ltr'><strong>Sancli„</strong></span> <span class='ocrx_word' id='word_1_73' title='bbox 584 988 635 1015; x_wconf 84' lang='lat' dir='ltr'><strong>etc.</strong></span> <span class='ocrx_word' id='word_1_74' title='bbox 645 1007 653 1021; x_wconf 83' lang='lat'><em>‚</em></span> <span class='ocrx_word' id='word_1_75' title='bbox 666 984 721 1015; x_wconf 88' lang='lat' dir='ltr'><strong>Vc-</strong></span> 
     </span>
     <span class='ocr_line' id='line_1_15' title="bbox 219 1027 721 1068; baseline 0 -10"><span class='ocrx_word' id='word_1_76' title='bbox 219 1027 244 1058; x_wconf 81' lang='lat' dir='ltr'><strong>si</strong></span> <span class='ocrx_word' id='word_1_77' title='bbox 262 1031 367 1067; x_wconf 79' lang='lat' dir='ltr'><strong>agatur</strong></span> <span class='ocrx_word' id='word_1_78' title='bbox 389 1027 427 1058; x_wconf 89' lang='lat' dir='ltr'><strong>de</strong></span> <span class='ocrx_word' id='word_1_79' title='bbox 449 1037 565 1068; x_wconf 63' lang='lat' dir='ltr'><strong>simnsae</strong></span> <span class='ocrx_word' id='word_1_80' title='bbox 594 1029 721 1058; x_wconf 78' lang='lat' dir='ltr'><strong>fornica·-</strong></span> 
     </span>
     <span class='ocr_line' id='line_1_16' title="bbox 214 1071 720 1103; baseline 0.002 -1"><span class='ocrx_word' id='word_1_81' title='bbox 214 1071 351 1103; x_wconf 78' lang='lat' dir='ltr'><strong>sufficere</strong></span> <span class='ocrx_word' id='word_1_82' title='bbox 363 1081 455 1103; x_wconf 87' lang='lat' dir='ltr'><strong>unum</strong></span> <span class='ocrx_word' id='word_1_83' title='bbox 473 1076 576 1103; x_wconf 83' lang='lat' dir='ltr'><strong>testem</strong></span> <span class='ocrx_word' id='word_1_84' title='bbox 597 1073 654 1103; x_wconf 83' lang='lat' dir='ltr'><strong>fide</strong></span> <span class='ocrx_word' id='word_1_85' title='bbox 672 1072 720 1103; x_wconf 91' lang='lat' dir='ltr'><strong>di-</strong></span> 
     </span>
     <span class='ocr_line' id='line_1_17' title="bbox 209 1115 720 1157; baseline 0 -10"><span class='ocrx_word' id='word_1_86' title='bbox 209 1116 311 1147; x_wconf 87' lang='lat' dir='ltr'><strong>dicunt</strong></span> <span class='ocrx_word' id='word_1_87' title='bbox 322 1115 440 1154; x_wconf 63' lang='lat' dir='ltr'><strong>Palati„</strong></span> <span class='ocrx_word' id='word_1_88' title='bbox 454 1120 505 1147; x_wconf 81' lang='lat' dir='ltr'><strong>etc.</strong></span> <span class='ocrx_word' id='word_1_89' title='bbox 514 1140 522 1153; x_wconf 93' lang='lat'><em>,</em></span> <span class='ocrx_word' id='word_1_90' title='bbox 532 1118 600 1157; x_wconf 83' lang='lat' dir='ltr'><strong>quia</strong></span> <span class='ocrx_word' id='word_1_91' title='bbox 612 1117 720 1148; x_wconf 89' lang='lat' dir='ltr'><strong>durum</strong></span> 
     </span>
     <span class='ocr_line' id='line_1_18' title="bbox 201 1160 720 1201; baseline 0.002 -11"><span class='ocrx_word' id='word_1_92' title='bbox 201 1160 346 1201; x_wconf 77' lang='lat' dir='ltr'><strong>impellere</strong></span> <span class='ocrx_word' id='word_1_93' title='bbox 366 1161 463 1191; x_wconf 89' lang='lat' dir='ltr'><strong>virum</strong></span> <span class='ocrx_word' id='word_1_94' title='bbox 494 1161 532 1192; x_wconf 88' lang='lat' dir='ltr'><strong>ad</strong></span> <span class='ocrx_word' id='word_1_95' title='bbox 556 1161 720 1192; x_wconf 77' lang='lat' dir='ltr'>ducendam</span> 
     </span>
     <span class='ocr_line' id='line_1_19' title="bbox 201 1204 721 1245; baseline -0.002 -9"><span class='ocrx_word' id='word_1_96' title='bbox 201 1212 263 1243; x_wconf 84' lang='lat' dir='ltr'><strong>am,</strong></span> <span class='ocrx_word' id='word_1_97' title='bbox 276 1213 366 1245; x_wconf 68' lang='lat' dir='ltr'><strong>qnam</strong></span> <span class='ocrx_word' id='word_1_98' title='bbox 386 1205 426 1235; x_wconf 84' lang='lat' dir='ltr'><strong>ab</strong></span> <span class='ocrx_word' id='word_1_99' title='bbox 439 1204 537 1245; x_wconf 88' lang='lat' dir='ltr'><strong>aliquo</strong></span> <span class='ocrx_word' id='word_1_100' title='bbox 556 1204 613 1235; x_wconf 85' lang='lat' dir='ltr'><strong>fide</strong></span> <span class='ocrx_word' id='word_1_101' title='bbox 632 1204 721 1245; x_wconf 82' lang='lat' dir='ltr'><strong>digno</strong></span> 
     </span>
     <span class='ocr_line' id='line_1_20' title="bbox 201 1248 720 1289; baseline 0 -10"><span class='ocrx_word' id='word_1_102' title='bbox 201 1272 210 1287; x_wconf 83' lang='lat'>‚</span> <span class='ocrx_word' id='word_1_103' title='bbox 236 1252 267 1279; x_wconf 87' lang='lat' dir='ltr'><strong>et</strong></span> <span class='ocrx_word' id='word_1_104' title='bbox 297 1248 459 1289; x_wconf 78' lang='lat' dir='ltr'><strong>prudenter</strong></span> <span class='ocrx_word' id='word_1_105' title='bbox 485 1249 548 1287; x_wconf 77' lang='lat' dir='ltr'><strong>jam</strong></span> <span class='ocrx_word' id='word_1_106' title='bbox 578 1249 720 1289; x_wconf 83' lang='lat' dir='ltr'><strong>suspicari</strong></span> 
     </span>
     <span class='ocr_line' id='line_1_21' title="bbox 201 1292 719 1324; baseline 0.004 -3"><span class='ocrx_word' id='word_1_107' title='bbox 201 1292 305 1324; x_wconf 72' lang='lat' dir='ltr'><strong>·.iuisse</strong></span> <span class='ocrx_word' id='word_1_108' title='bbox 319 1292 499 1323; x_wconf 77' lang='lat' dir='ltr'><strong>fornicatam.</strong></span> <span class='ocrx_word' id='word_1_109' title='bbox 514 1309 554 1315; x_wconf 96' lang='lat'><strong>—</strong></span> <span class='ocrx_word' id='word_1_110' title='bbox 568 1293 606 1323; x_wconf 89' lang='lat' dir='ltr'><strong>Et</strong></span> <span class='ocrx_word' id='word_1_111' title='bbox 619 1295 719 1323; x_wconf 74' lang='lat' dir='ltr'><strong>revera</strong></span> 
     </span>
     <span class='ocr_line' id='line_1_22' title="bbox 201 1336 720 1375; baseline -0.002 -8"><span class='ocrx_word' id='word_1_112' title='bbox 201 1338 327 1367; x_wconf 82' lang='lat' dir='ltr'><strong>ententia</strong></span> <span class='ocrx_word' id='word_1_113' title='bbox 340 1337 412 1368; x_wconf 75' lang='lat' dir='ltr'><strong>satis</strong></span> <span class='ocrx_word' id='word_1_114' title='bbox 425 1336 585 1375; x_wconf 78' lang='lat' dir='ltr'><strong>probabilis</strong></span> <span class='ocrx_word' id='word_1_115' title='bbox 596 1336 665 1367; x_wconf 84' lang='lat' dir='ltr'><strong>mihi</strong></span> <span class='ocrx_word' id='word_1_116' title='bbox 677 1337 720 1367; x_wconf 82' lang='lat' dir='ltr'><strong>vi-</strong></span> 
     </span>
     <span class='ocr_line' id='line_1_23' title="bbox 205 1380 719 1421; baseline 0.004 -11"><span class='ocrx_word' id='word_1_117' title='bbox 205 1404 213 1419; x_wconf 91' lang='lat'>,</span> <span class='ocrx_word' id='word_1_118' title='bbox 229 1380 372 1421; x_wconf 89' lang='lat' dir='ltr'><strong>loquendo</strong></span> <span class='ocrx_word' id='word_1_119' title='bbox 382 1380 420 1410; x_wconf 81' lang='lat' dir='ltr'><strong>de</strong></span> <span class='ocrx_word' id='word_1_120' title='bbox 434 1381 623 1411; x_wconf 78' lang='lat' dir='ltr'><strong>fornicatione</strong></span> <span class='ocrx_word' id='word_1_121' title='bbox 632 1390 719 1421; x_wconf 87' lang='lat' dir='ltr'><strong>spon·</strong></span> 
     </span>
     <span class='ocr_line' id='line_1_24' title="bbox 201 1424 718 1466; baseline -0.002 -10"><span class='ocrx_word' id='word_1_122' title='bbox 201 1426 252 1456; x_wconf 64' lang='lat' dir='ltr'><strong>alm</strong></span> <span class='ocrx_word' id='word_1_123' title='bbox 266 1430 371 1465; x_wconf 83' lang='lat' dir='ltr'><strong>agatur</strong></span> <span class='ocrx_word' id='word_1_124' title='bbox 391 1425 428 1456; x_wconf 92' lang='lat' dir='ltr'><strong>de</strong></span> <span class='ocrx_word' id='word_1_125' title='bbox 447 1424 562 1456; x_wconf 88' lang='lat' dir='ltr'><strong>vinculo</strong></span> <span class='ocrx_word' id='word_1_126' title='bbox 576 1429 718 1466; x_wconf 86' lang='lat' dir='ltr'><strong>perpetuo</strong></span> 
     </span>
     <span class='ocr_line' id='line_1_25' title="bbox 201 1469 719 1509; baseline -0.004 -9"><span class='ocrx_word' id='word_1_127' title='bbox 201 1470 298 1506; x_wconf 83' lang='lat' dir='ltr'><strong>nonii,</strong></span> <span class='ocrx_word' id='word_1_128' title='bbox 320 1469 384 1500; x_wconf 82' lang='lat' dir='ltr'><strong>ideo</strong></span> <span class='ocrx_word' id='word_1_129' title='bbox 409 1469 448 1499; x_wconf 88' lang='lat' dir='ltr'><strong>ob</strong></span> <span class='ocrx_word' id='word_1_130' title='bbox 471 1469 559 1500; x_wconf 88' lang='lat' dir='ltr'><strong>talem</strong></span> <span class='ocrx_word' id='word_1_131' title='bbox 579 1469 719 1509; x_wconf 87' lang='lat' dir='ltr'><strong>suspicio·</strong></span> 
     </span>
     <span class='ocr_line' id='line_1_26' title="bbox 201 1513 719 1554; baseline -0.002 -10"><span class='ocrx_word' id='word_1_132' title='bbox 201 1514 244 1544; x_wconf 80' lang='lat' dir='ltr'><strong>riri</strong></span> <span class='ocrx_word' id='word_1_133' title='bbox 260 1514 422 1554; x_wconf 82' lang='lat' dir='ltr'><strong>prudenter</strong></span> <span class='ocrx_word' id='word_1_134' title='bbox 440 1513 532 1552; x_wconf 81' lang='lat' dir='ltr'><strong>judex</strong></span> <span class='ocrx_word' id='word_1_135' title='bbox 552 1514 655 1544; x_wconf 85' lang='lat' dir='ltr'><strong>timere</strong></span> <span class='ocrx_word' id='word_1_136' title='bbox 668 1522 719 1554; x_wconf 87' lang='lat' dir='ltr'><strong>po-</strong></span> 
     </span>
     <span class='ocr_line' id='line_1_27' title="bbox 201 1558 719 1598; baseline -0.002 -9"><span class='ocrx_word' id='word_1_137' title='bbox 201 1558 327 1590; x_wconf 67' lang='lat' dir='ltr'><strong>asselicem</strong></span> <span class='ocrx_word' id='word_1_138' title='bbox 340 1559 453 1589; x_wconf 81' lang='lat' dir='ltr'><strong>exitum</strong></span> <span class='ocrx_word' id='word_1_139' title='bbox 465 1567 505 1589; x_wconf 85' lang='lat' dir='ltr'><strong>ex</strong></span> <span class='ocrx_word' id='word_1_140' title='bbox 518 1558 572 1589; x_wconf 83' lang='lat' dir='ltr'><strong>hoc</strong></span> <span class='ocrx_word' id='word_1_141' title='bbox 585 1558 719 1598; x_wconf 81' lang='lat' dir='ltr'><strong>conjugio</strong></span> 
     </span>
     <span class='ocr_line' id='line_1_28' title="bbox 201 1601 717 1638; baseline -0.004 -5"><span class='ocrx_word' id='word_1_142' title='bbox 201 1607 328 1633; x_wconf 87' lang='lat' dir='ltr'><strong>uturum.</strong></span> <span class='ocrx_word' id='word_1_143' title='bbox 341 1619 379 1625; x_wconf 92' lang='lat'><strong>—-</strong></span> <span class='ocrx_word' id='word_1_144' title='bbox 390 1601 492 1638; x_wconf 76' lang='lat' dir='ltr'><strong>Quoad</strong></span> <span class='ocrx_word' id='word_1_145' title='bbox 508 1602 604 1633; x_wconf 76' lang='lat' dir='ltr'><strong>sorum</strong></span> <span class='ocrx_word' id='word_1_146' title='bbox 618 1605 717 1632; x_wconf 88' lang='lat' dir='ltr'><strong>autem</strong></span> 
     </span>
     <span class='ocr_line' id='line_1_29' title="bbox 201 1645 719 1686; baseline -0.004 -8"><span class='ocrx_word' id='word_1_147' title='bbox 201 1657 264 1686; x_wconf 72' lang='lat' dir='ltr'><strong>num¹</strong></span> <span class='ocrx_word' id='word_1_148' title='bbox 279 1649 455 1678; x_wconf 80' lang='lat' dir='ltr'><strong>oenveniunt</strong></span> <span class='ocrx_word' id='word_1_149' title='bbox 465 1647 522 1677; x_wconf 89' lang='lat' dir='ltr'><strong>DD.</strong></span> <span class='ocrx_word' id='word_1_150' title='bbox 536 1646 671 1678; x_wconf 85' lang='lat' dir='ltr'><strong>sufficere</strong></span> <span class='ocrx_word' id='word_1_151' title='bbox 680 1645 719 1676; x_wconf 87' lang='lat' dir='ltr'><strong>ad</strong></span> 
     </span>
     <span class='ocr_line' id='line_1_30' title="bbox 201 1689 719 1732; baseline -0.008 -9"><span class='ocrx_word' id='word_1_152' title='bbox 201 1692 242 1723; x_wconf 76' lang='lat' dir='ltr'><strong>ida</strong></span> <span class='ocrx_word' id='word_1_153' title='bbox 261 1693 406 1732; x_wconf 86' lang='lat' dir='ltr'><strong>sponsalia</strong></span> <span class='ocrx_word' id='word_1_154' title='bbox 422 1701 515 1722; x_wconf 91' lang='lat' dir='ltr'><strong>unum</strong></span> <span class='ocrx_word' id='word_1_155' title='bbox 537 1694 640 1722; x_wconf 86' lang='lat' dir='ltr'><strong>testem</strong></span> <span class='ocrx_word' id='word_1_156' title='bbox 662 1689 719 1720; x_wconf 84' lang='lat' dir='ltr'><strong>fide</strong></span> 
     </span>
     <span class='ocr_line' id='line_1_31' title="bbox 201 1736 719 1775; baseline -0.004 -9"><span class='ocrx_word' id='word_1_157' title='bbox 201 1745 227 1766; x_wconf 90' lang='lat' dir='ltr'><strong>m</strong></span> <span class='ocrx_word' id='word_1_158' title='bbox 235 1760 242 1772; x_wconf 84' lang='lat'>,</span> <span class='ocrx_word' id='word_1_159' title='bbox 255 1737 375 1767; x_wconf 83' lang='lat' dir='ltr'><strong>minime</strong></span> <span class='ocrx_word' id='word_1_160' title='bbox 384 1736 421 1767; x_wconf 92' lang='lat' dir='ltr'><strong>de</strong></span> <span class='ocrx_word' id='word_1_161' title='bbox 432 1736 584 1767; x_wconf 88' lang='lat' dir='ltr'><strong>mendacio</strong></span> <span class='ocrx_word' id='word_1_162' title='bbox 593 1743 719 1775; x_wconf 88' lang='lat' dir='ltr'><strong>suspec-</strong></span> 
     </span>
     <span class='ocr_line' id='line_1_32' title="bbox 201 1779 719 1816; baseline -0.004 -6"><span class='ocrx_word' id='word_1_163' title='bbox 201 1783 210 1809; x_wconf 83' lang='lat' dir='ltr'><strong>t</strong></span> <span class='ocrx_word' id='word_1_164' title='bbox 223 1785 377 1811; x_wconf 85' lang='lat' dir='ltr'><strong>testantem</strong></span> <span class='ocrx_word' id='word_1_165' title='bbox 388 1780 425 1811; x_wconf 87' lang='lat' dir='ltr'><strong>de</strong></span> <span class='ocrx_word' id='word_1_166' title='bbox 434 1782 516 1811; x_wconf 72' lang='lat' dir='ltr'><strong>cerui</strong></span> <span class='ocrx_word' id='word_1_167' title='bbox 526 1780 662 1816; x_wconf 53' lang='lat' dir='ltr'><strong>scientim</strong></span> <span class='ocrx_word' id='word_1_168' title='bbox 674 1779 719 1809; x_wconf 88' lang='lat' dir='ltr'><strong>vel</strong></span> 
     </span>
     <span class='ocr_line' id='line_1_33' title="bbox 205 1824 719 1864; baseline 0.002 -11"><span class='ocrx_word' id='word_1_169' title='bbox 205 1824 368 1864; x_wconf 84' lang='lat' dir='ltr'><strong>opinionem</strong></span> <span class='ocrx_word' id='word_1_170' title='bbox 384 1824 565 1861; x_wconf 80' lang='lat' dir='ltr'><strong>probabilem</strong></span> <span class='ocrx_word' id='word_1_171' title='bbox 582 1824 619 1854; x_wconf 90' lang='lat' dir='ltr'><strong>de</strong></span> <span class='ocrx_word' id='word_1_172' title='bbox 632 1824 719 1854; x_wconf 73' lang='lat' dir='ltr'><strong>causa</strong></span> 
     </span>
     <span class='ocr_line' id='line_1_34' title="bbox 201 1867 719 1906; baseline 0 -8"><span class='ocrx_word' id='word_1_173' title='bbox 201 1869 259 1898; x_wconf 79' lang='lat' dir='ltr'><strong>enti</strong></span> <span class='ocrx_word' id='word_1_174' title='bbox 280 1867 318 1898; x_wconf 86' lang='lat' dir='ltr'><strong>ad</strong></span> <span class='ocrx_word' id='word_1_175' title='bbox 332 1867 514 1898; x_wconf 83' lang='lat' dir='ltr'><strong>solutionem.</strong></span> <span class='ocrx_word' id='word_1_176' title='bbox 538 1868 628 1906; x_wconf 83' lang='lat' dir='ltr'><strong>Hinc,</strong></span> <span class='ocrx_word' id='word_1_177' title='bbox 646 1867 719 1898; x_wconf 87' lang='lat' dir='ltr'><strong>sub-</strong></span> 
     </span>
     <span class='ocr_line' id='line_1_35' title="bbox 201 1911 720 1951; baseline 0.002 -11"><span class='ocrx_word' id='word_1_178' title='bbox 201 1911 269 1947; x_wconf 50' lang='lat' dir='ltr'><strong>&#39;iva&#39;</strong></span> <span class='ocrx_word' id='word_1_179' title='bbox 279 1915 342 1947; x_wconf 70' lang='lat' dir='ltr'><strong>etc„</strong></span> <span class='ocrx_word' id='word_1_180' title='bbox 350 1911 428 1951; x_wconf 84' lang='lat' dir='ltr'><strong>quod</strong></span> <span class='ocrx_word' id='word_1_181' title='bbox 439 1912 464 1942; x_wconf 87' lang='lat' dir='ltr'><strong>si</strong></span> <span class='ocrx_word' id='word_1_182' title='bbox 473 1912 518 1941; x_wconf 88' lang='lat' dir='ltr'><strong>vir</strong></span> <span class='ocrx_word' id='word_1_183' title='bbox 527 1912 631 1942; x_wconf 86' lang='lat' dir='ltr'><strong>doctus</strong></span> <span class='ocrx_word' id='word_1_184' title='bbox 640 1911 720 1941; x_wconf 85' lang='lat' dir='ltr'><strong>affir-</strong></span> 
     </span>
     <span class='ocr_line' id='line_1_36' title="bbox 201 1951 748 1989; baseline -0.002 -4"><span class='ocrx_word' id='word_1_185' title='bbox 201 1963 304 1985; x_wconf 82' lang='lat' dir='ltr'><strong>ausam</strong></span> <span class='ocrx_word' id='word_1_186' title='bbox 326 1964 391 1985; x_wconf 84' lang='lat' dir='ltr'><strong>esse</strong></span> <span class='ocrx_word' id='word_1_187' title='bbox 410 1955 620 1989; x_wconf 70' lang='lat' dir='ltr'><strong>sufficientem,</strong></span> <span class='ocrx_word' id='word_1_188' title='bbox 646 1954 720 1984; x_wconf 65' lang='lat' dir='ltr'><strong>lic-ite</strong></span> <span class='ocrx_word' id='word_1_189' title='bbox 744 1951 748 1968; x_wconf 91' lang='lat'>¹</span> 
     </span>
     <span class='ocr_line' id='line_1_37' title="bbox 201 1998 718 2037; baseline -0.002 -10"><span class='ocrx_word' id='word_1_190' title='bbox 201 2001 213 2027; x_wconf 92' lang='lat' dir='ltr'><strong>t</strong></span> <span class='ocrx_word' id='word_1_191' title='bbox 226 2006 297 2037; x_wconf 79' lang='lat' dir='ltr'><strong>pars</strong></span> <span class='ocrx_word' id='word_1_192' title='bbox 312 1999 452 2028; x_wconf 86' lang='lat' dir='ltr'><strong>innocens</strong></span> <span class='ocrx_word' id='word_1_193' title='bbox 469 1998 591 2028; x_wconf 67' lang='lat' dir='ltr'><strong>milii-e.</strong></span> <span class='ocrx_word' id='word_1_194' title='bbox 601 2011 641 2018; x_wconf 89' lang='lat'>—</span> <span class='ocrx_word' id='word_1_195' title='bbox 651 1998 718 2027; x_wconf 71' lang='lat'><strong>828.</strong></span> 
     </span>
    </p>
   </div>
   <div class='ocr_carea' id='block_1_3' title="bbox 307 2080 515 2158">
    <p class='ocr_par' dir='ltr' id='par_1_3' title="bbox 307 2080 515 2158">
     <span class='ocr_line' id='line_1_38' title="bbox 344 2080 478 2110; baseline 0 -1"><span class='ocrx_word' id='word_1_196' title='bbox 344 2080 429 2110; x_wconf 75' lang='lat' dir='ltr'>PARS</span> <span class='ocrx_word' id='word_1_197' title='bbox 447 2080 478 2109; x_wconf 83' lang='lat' dir='ltr'><strong>ll.</strong></span> 
     </span>
     <span class='ocr_line' id='line_1_39' title="bbox 307 2131 515 2158; baseline 0 -1"><span class='ocrx_word' id='word_1_198' title='bbox 307 2131 343 2157; x_wconf 76' lang='lat' dir='ltr'><strong>Do</strong></span> <span class='ocrx_word' id='word_1_199' title='bbox 359 2132 515 2158; x_wconf 61' lang='lat' dir='ltr'><strong>{enimenim</strong></span> 
     </span>
    </p>
   </div>
   <div class='ocr_carea' id='block_1_4' title="bbox 201 2181 723 2281">
    <p class='ocr_par' dir='ltr' id='par_1_4' title="bbox 201 2181 723 2281">
     <span class='ocr_line' id='line_1_40' title="bbox 201 2181 723 2213; baseline -0.006 -7"><span class='ocrx_word' id='word_1_200' title='bbox 201 2182 312 2207; x_wconf 62' lang='lat' dir='ltr'><strong>Maron-’0‘</strong></span> <span class='ocrx_word' id='word_1_201' title='bbox 321 2183 414 2206; x_wconf 71' lang='lat' dir='ltr'><strong>natura</strong></span> <span class='ocrx_word' id='word_1_202' title='bbox 422 2199 430 2210; x_wconf 86' lang='lat'><strong>.</strong></span> <span class='ocrx_word' id='word_1_203' title='bbox 440 2181 559 2210; x_wconf 62' lang='lat' dir='ltr'><strong>mursa,</strong></span> <span class='ocrx_word' id='word_1_204' title='bbox 579 2182 663 2213; x_wconf 60' lang='lat' dir='ltr'><strong>soma</strong></span> <span class='ocrx_word' id='word_1_205' title='bbox 669 2198 676 2206; x_wconf 87' lang='lat'><strong>.</strong></span> <span class='ocrx_word' id='word_1_206' title='bbox 698 2183 723 2203; x_wconf 75' lang='lat' dir='ltr'><strong>ot</strong></span> 
     </span>
     <span class='ocr_line' id='line_1_41' title="bbox 201 2215 723 2248; baseline -0.004 -7"><span class='ocrx_word' id='word_1_207' title='bbox 201 2220 264 2245; x_wconf 65' lang='lat' dir='ltr'><strong>&#39;norun</strong></span> <span class='ocrx_word' id='word_1_208' title='bbox 270 2229 304 2236; x_wconf 93' lang='lat'><strong>—</strong></span> <span class='ocrx_word' id='word_1_209' title='bbox 312 2216 371 2245; x_wconf 70' lang='lat'><em>01«,-</em></span> <span class='ocrx_word' id='word_1_210' title='bbox 379 2229 413 2236; x_wconf 96' lang='lat'>—</span> <span class='ocrx_word' id='word_1_211' title='bbox 423 2217 616 2248; x_wconf 66' lang='lat' dir='ltr'><strong>lmpoddmiis:</strong></span> <span class='ocrx_word' id='word_1_212' title='bbox 622 2228 656 2235; x_wconf 91' lang='lat'>-</span> <span class='ocrx_word' id='word_1_213' title='bbox 668 2215 723 2239; x_wconf 67' lang='lat' dir='ltr'><strong>ma-</strong></span> 
     </span>
     <span class='ocr_line' id='line_1_42' title="bbox 201 2250 721 2281; baseline -0.006 -5"><span class='ocrx_word' id='word_1_214' title='bbox 201 2251 329 2281; x_wconf 64' lang='lat' dir='ltr'><strong>»uouit-0,-</strong></span> <span class='ocrx_word' id='word_1_215' title='bbox 334 2251 563 2280; x_wconf 65' lang='lat' dir='ltr'><strong>—Beoalt&#39;dotimicff</strong></span> <span class='ocrx_word' id='word_1_216' title='bbox 568 2250 637 2274; x_wconf 70' lang='lat'><em>..125</em></span> <span class='ocrx_word' id='word_1_217' title='bbox 638 2253 721 2273; x_wconf 67' lang='lat' dir='ltr'><strong>*orum</strong></span> 
     </span>
    </p>
   </div>
   <div class='ocr_carea' id='block_1_5' title="bbox 332 2310 491 2341">
    <p class='ocr_par' dir='ltr' id='par_1_5' title="bbox 332 2310 491 2341">
     <span class='ocr_line' id='line_1_43' title="bbox 332 2310 491 2341; baseline 0 0"><span class='ocrx_word' id='word_1_218' title='bbox 332 2310 449 2341; x_wconf 77' lang='lat' dir='ltr'>CAPUT</span> <span class='ocrx_word' id='word_1_219' title='bbox 470 2311 491 2341; x_wconf 86' lang='lat'><strong>1.</strong></span> 
     </span>
    </p>
   </div>
   <div class='ocr_carea' id='block_1_6' title="bbox 201 2361 696 2424">
    <p class='ocr_par' dir='ltr' id='par_1_6' title="bbox 201 2361 696 2424">
     <span class='ocr_line' id='line_1_44' title="bbox 201 2361 696 2394; baseline -0.01 -3"><span class='ocrx_word' id='word_1_220' title='bbox 201 2363 423 2394; x_wconf 60' lang='lat' dir='ltr'><strong>maiia-tura,</strong></span> <span class='ocrx_word' id='word_1_221' title='bbox 438 2362 548 2394; x_wconf 63' lang='lat' dir='ltr'><strong>mutarit,</strong></span> <span class='ocrx_word' id='word_1_222' title='bbox 570 2361 657 2391; x_wconf 62' lang='lat' dir='ltr'><strong>sormi,</strong></span> <span class='ocrx_word' id='word_1_223' title='bbox 669 2363 696 2386; x_wconf 73' lang='lat' dir='ltr'><strong>et</strong></span> 
     </span>
     <span class='ocr_line' id='line_1_45' title="bbox 356 2399 470 2424; baseline 0 0"><span class='ocrx_word' id='word_1_224' title='bbox 356 2399 470 2424; x_wconf 66' lang='lat' dir='ltr'><strong>liniatro.</strong></span> 
     </span>
    </p>
   </div>
   <div class='ocr_carea' id='block_1_7' title="bbox 1326 387 1389 422">
    <p class='ocr_par' dir='ltr' id='par_1_7' title="bbox 1326 387 1389 422">
     <span class='ocr_line' id='line_1_46' title="bbox 1326 387 1389 422; baseline -0.032 0"><span class='ocrx_word' id='word_1_225' title='bbox 1326 387 1346 422; x_wconf 81' lang='lat'>0</span> <span class='ocrx_word' id='word_1_226' title='bbox 1353 388 1389 420; x_wconf 66' lang='lat'><strong>25</strong></span> 
     </span>
    </p>
   </div>
   <div class='ocr_carea' id='block_1_8' title="bbox 767 459 1391 2429">
    <p class='ocr_par' dir='ltr' id='par_1_8' title="bbox 771 459 1391 929">
     <span class='ocr_line' id='line_1_47' title="bbox 777 459 1391 501; baseline 0.002 -11"><span class='ocrx_word' id='word_1_227' title='bbox 777 462 880 491; x_wconf 75' lang='lat' dir='ltr'><strong>mutuo</strong></span> <span class='ocrx_word' id='word_1_228' title='bbox 890 460 1016 501; x_wconf 59' lang='lat' dir='ltr'><strong>legitimi&gt;</strong></span> <span class='ocrx_word' id='word_1_229' title='bbox 1025 469 1146 500; x_wconf 81' lang='lat' dir='ltr'><strong>corpora</strong></span> <span class='ocrx_word' id='word_1_230' title='bbox 1154 469 1212 492; x_wconf 76' lang='lat' dir='ltr'><strong>sua</strong></span> <span class='ocrx_word' id='word_1_231' title='bbox 1222 460 1342 493; x_wconf 78' lang='lat' dir='ltr'><strong>tradunt</strong></span> <span class='ocrx_word' id='word_1_232' title='bbox 1351 459 1391 491; x_wconf 83' lang='lat' dir='ltr'><strong>ad</strong></span> 
     </span>
     <span class='ocr_line' id='line_1_48' title="bbox 772 504 1389 543; baseline -0.002 -9"><span class='ocrx_word' id='word_1_233' title='bbox 772 507 947 542; x_wconf 79' lang='lat' dir='ltr'><strong>perpetuam</strong></span> <span class='ocrx_word' id='word_1_234' title='bbox 955 504 1025 534; x_wconf 76' lang='lat' dir='ltr'><strong>viae</strong></span> <span class='ocrx_word' id='word_1_235' title='bbox 1035 504 1206 539; x_wconf 68' lang='lat' dir='ltr'><strong>societatem,</strong></span> <span class='ocrx_word' id='word_1_236' title='bbox 1219 512 1310 534; x_wconf 79' lang='lat' dir='ltr'><strong>usum</strong></span> <span class='ocrx_word' id='word_1_237' title='bbox 1318 512 1389 543; x_wconf 76' lang='lat' dir='ltr'><strong>pro-</strong></span> 
     </span>
     <span class='ocr_line' id='line_1_49' title="bbox 776 545 1390 585; baseline 0.005 -10"><span class='ocrx_word' id='word_1_238' title='bbox 776 545 814 575; x_wconf 79' lang='lat' dir='ltr'><strong>lis</strong></span> <span class='ocrx_word' id='word_1_239' title='bbox 832 546 1039 585; x_wconf 63' lang='lat' dir='ltr'><strong>suscipiendae,</strong></span> <span class='ocrx_word' id='word_1_240' title='bbox 1052 550 1082 577; x_wconf 82' lang='lat' dir='ltr'><strong>et</strong></span> <span class='ocrx_word' id='word_1_241' title='bbox 1096 546 1261 577; x_wconf 78' lang='lat' dir='ltr'><strong>remedium</strong></span> <span class='ocrx_word' id='word_1_242' title='bbox 1282 555 1390 578; x_wconf 77' lang='lat' dir='ltr'><strong>concu-</strong></span> 
     </span>
     <span class='ocr_line' id='line_1_50' title="bbox 771 590 1387 628; baseline 0.003 -9"><span class='ocrx_word' id='word_1_243' title='bbox 771 590 932 628; x_wconf 77' lang='lat' dir='ltr'><strong>piscentioe.</strong></span> <span class='ocrx_word' id='word_1_244' title='bbox 948 606 989 612; x_wconf 89' lang='lat'><em>-</em></span> <span class='ocrx_word' id='word_1_245' title='bbox 1004 590 1081 621; x_wconf 71' lang='lat' dir='ltr'><strong>Ante</strong></span> <span class='ocrx_word' id='word_1_246' title='bbox 1101 590 1209 621; x_wconf 83' lang='lat' dir='ltr'><strong>Christi</strong></span> <span class='ocrx_word' id='word_1_247' title='bbox 1229 590 1387 621; x_wconf 87' lang='lat' dir='ltr'><strong>adventum</strong></span> 
     </span>
     <span class='ocr_line' id='line_1_51' title="bbox 774 634 1386 665; baseline 0.003 -2"><span class='ocrx_word' id='word_1_248' title='bbox 774 634 990 665; x_wconf 78' lang='lat' dir='ltr'><strong>Matrimonium</strong></span> <span class='ocrx_word' id='word_1_249' title='bbox 1018 637 1132 665; x_wconf 84' lang='lat' dir='ltr'><strong>tantum</strong></span> <span class='ocrx_word' id='word_1_250' title='bbox 1166 634 1295 665; x_wconf 84' lang='lat' dir='ltr'><strong>habebat</strong></span> <span class='ocrx_word' id='word_1_251' title='bbox 1328 635 1386 665; x_wconf 89' lang='lat' dir='ltr'><strong>vim</strong></span> 
     </span>
     <span class='ocr_line' id='line_1_52' title="bbox 773 678 1388 719; baseline 0.002 -12"><span class='ocrx_word' id='word_1_252' title='bbox 773 679 956 714; x_wconf 77' lang='lat' dir='ltr'><strong>contractas.</strong></span> <span class='ocrx_word' id='word_1_253' title='bbox 970 678 1022 709; x_wconf 87' lang='lat' dir='ltr'><strong>sed</strong></span> <span class='ocrx_word' id='word_1_254' title='bbox 1043 680 1061 709; x_wconf 73' lang='lat' dir='ltr'><strong>a</strong></span> <span class='ocrx_word' id='word_1_255' title='bbox 1082 678 1198 709; x_wconf 84' lang='lat' dir='ltr'><strong>Christo</strong></span> <span class='ocrx_word' id='word_1_256' title='bbox 1217 680 1315 719; x_wconf 73' lang='lat' dir='ltr'><strong>postea</strong></span> <span class='ocrx_word' id='word_1_257' title='bbox 1334 678 1388 708; x_wconf 76' lang='lat' dir='ltr'><strong>fuit</strong></span> 
     </span>
     <span class='ocr_line' id='line_1_53' title="bbox 773 721 1388 753; baseline 0.002 -1"><span class='ocrx_word' id='word_1_258' title='bbox 773 726 907 752; x_wconf 85' lang='lat' dir='ltr'><strong>evectum</strong></span> <span class='ocrx_word' id='word_1_259' title='bbox 920 721 958 752; x_wconf 89' lang='lat' dir='ltr'><strong>ad</strong></span> <span class='ocrx_word' id='word_1_260' title='bbox 970 723 1111 753; x_wconf 84' lang='lat' dir='ltr'><strong>rationem</strong></span> <span class='ocrx_word' id='word_1_261' title='bbox 1124 722 1315 753; x_wconf 81' lang='lat' dir='ltr'><strong>sacramenti.</strong></span> <span class='ocrx_word' id='word_1_262' title='bbox 1328 722 1388 753; x_wconf 83' lang='lat' dir='ltr'><strong>Hoc</strong></span> 
     </span>
     <span class='ocr_line' id='line_1_54' title="bbox 773 764 1386 804; baseline 0.002 -8"><span class='ocrx_word' id='word_1_263' title='bbox 773 770 820 796; x_wconf 86' lang='lat' dir='ltr'><strong>est</strong></span> <span class='ocrx_word' id='word_1_264' title='bbox 834 764 868 796; x_wconf 79' lang='lat' dir='ltr'><strong>de</strong></span> <span class='ocrx_word' id='word_1_265' title='bbox 877 765 934 804; x_wconf 81' lang='lat' dir='ltr'><strong>fide</strong></span> <span class='ocrx_word' id='word_1_266' title='bbox 947 765 1066 796; x_wconf 78' lang='lat' dir='ltr'><strong>definita</strong></span> <span class='ocrx_word' id='word_1_267' title='bbox 1085 767 1103 795; x_wconf 75' lang='lat' dir='ltr'><strong>a</strong></span> <span class='ocrx_word' id='word_1_268' title='bbox 1119 765 1243 796; x_wconf 72' lang='lat' dir='ltr'><strong>concilio</strong></span> <span class='ocrx_word' id='word_1_269' title='bbox 1264 766 1386 797; x_wconf 76' lang='lat' dir='ltr'><strong>Triden-</strong></span> 
     </span>
     <span class='ocr_line' id='line_1_55' title="bbox 774 808 1382 849; baseline 0 -9"><span class='ocrx_word' id='word_1_270' title='bbox 774 813 848 847; x_wconf 78' lang='grc' dir='ltr'>ιιηο,</span> <span class='ocrx_word' id='word_1_271' title='bbox 867 818 906 840; x_wconf 85' lang='lat' dir='ltr'><strong>ex</strong></span> <span class='ocrx_word' id='word_1_272' title='bbox 929 809 977 840; x_wconf 90' lang='lat' dir='ltr'><strong>illo</strong></span> <span class='ocrx_word' id='word_1_273' title='bbox 1001 809 1131 849; x_wconf 81' lang='lat' dir='ltr'><strong>Apostoli</strong></span> <span class='ocrx_word' id='word_1_274' title='bbox 1152 808 1190 839; x_wconf 87' lang='lat' dir='ltr'><strong>ad</strong></span> <span class='ocrx_word' id='word_1_275' title='bbox 1213 808 1316 848; x_wconf 76' lang='lat' dir='ltr'><strong>Ephes.</strong></span> <span class='ocrx_word' id='word_1_276' title='bbox 1339 810 1382 840; x_wconf 81' lang='lat'><strong>5:</strong></span> 
     </span>
     <span class='ocr_line' id='line_1_56' title="bbox 772 853 1385 894; baseline -0.003 -9"><span class='ocrx_word' id='word_1_277' title='bbox 772 854 993 885; x_wconf 73' lang='lat' dir='ltr'><strong>Sam-amentum</strong></span> <span class='ocrx_word' id='word_1_278' title='bbox 1018 853 1067 882; x_wconf 70' lang='lat' dir='ltr'><strong>hoc</strong></span> <span class='ocrx_word' id='word_1_279' title='bbox 1088 861 1228 891; x_wconf 58' lang='lat' dir='ltr'><strong>matyrium</strong></span> <span class='ocrx_word' id='word_1_280' title='bbox 1249 857 1313 889; x_wconf 75' lang='lat' dir='ltr'><strong>est,-</strong></span> <span class='ocrx_word' id='word_1_281' title='bbox 1336 862 1385 894; x_wconf 69' lang='lat' dir='ltr'><strong>eqo</strong></span> 
     </span>
     <span class='ocr_line' id='line_1_57' title="bbox 773 894 1382 929; baseline 0 -1"><span class='ocrx_word' id='word_1_282' title='bbox 773 902 873 929; x_wconf 81' lang='lat' dir='ltr'><strong>autem</strong></span> <span class='ocrx_word' id='word_1_283' title='bbox 892 896 955 927; x_wconf 76' lang='lat' dir='ltr'><strong>dico</strong></span> <span class='ocrx_word' id='word_1_284' title='bbox 974 896 1007 926; x_wconf 82' lang='lat' dir='ltr'><strong>in</strong></span> <span class='ocrx_word' id='word_1_285' title='bbox 1020 894 1132 926; x_wconf 78' lang='lat' dir='ltr'><strong>Christo</strong></span> <span class='ocrx_word' id='word_1_286' title='bbox 1144 899 1173 926; x_wconf 79' lang='lat' dir='ltr'><strong>et</strong></span> <span class='ocrx_word' id='word_1_287' title='bbox 1193 896 1225 925; x_wconf 72' lang='lat' dir='ltr'><strong>m</strong></span> <span class='ocrx_word' id='word_1_288' title='bbox 1243 896 1382 928; x_wconf 74' lang='lat' dir='ltr'><strong>Ecclesia.</strong></span> 
     </span>
    </p>

    <p class='ocr_par' dir='ltr' id='par_1_9' title="bbox 767 985 1386 1554">
     <span class='ocr_line' id='line_1_58' title="bbox 814 985 1386 1027; baseline 0.002 -11"><span class='ocrx_word' id='word_1_289' title='bbox 814 986 846 1016; x_wconf 75' lang='lat'><strong>2⁰</strong></span> <span class='ocrx_word' id='word_1_290' title='bbox 868 985 951 1018; x_wconf 76' lang='lat' dir='ltr'><strong>Circa</strong></span> <span class='ocrx_word' id='word_1_291' title='bbox 977 989 1130 1019; x_wconf 75' lang='lat' dir='ltr'><strong>materiam</strong></span> <span class='ocrx_word' id='word_1_292' title='bbox 1162 987 1249 1027; x_wconf 81' lang='lat' dir='ltr'><strong>hujus</strong></span> <span class='ocrx_word' id='word_1_293' title='bbox 1273 988 1386 1019; x_wconf 86' lang='lat' dir='ltr'><strong>Sacra-</strong></span> 
     </span>
     <span class='ocr_line' id='line_1_59' title="bbox 772 1030 1384 1071; baseline 0.002 -11"><span class='ocrx_word' id='word_1_294' title='bbox 772 1030 863 1060; x_wconf 89' lang='lat' dir='ltr'><strong>menti</strong></span> <span class='ocrx_word' id='word_1_295' title='bbox 874 1030 973 1071; x_wconf 85' lang='lat' dir='ltr'><strong>plures</strong></span> <span class='ocrx_word' id='word_1_296' title='bbox 986 1037 1056 1062; x_wconf 89' lang='lat' dir='ltr'><strong>sunt</strong></span> <span class='ocrx_word' id='word_1_297' title='bbox 1068 1033 1236 1069; x_wconf 84' lang='lat' dir='ltr'><strong>sententiae,</strong></span> <span class='ocrx_word' id='word_1_298' title='bbox 1251 1031 1304 1062; x_wconf 81' lang='lat' dir='ltr'><strong>sed</strong></span> <span class='ocrx_word' id='word_1_299' title='bbox 1316 1030 1384 1061; x_wconf 71' lang='lat' dir='ltr'><strong>dum</strong></span> 
     </span>
     <span class='ocr_line' id='line_1_60' title="bbox 774 1073 1384 1115; baseline 0 -11"><span class='ocrx_word' id='word_1_300' title='bbox 774 1078 873 1104; x_wconf 86' lang='lat' dir='ltr'><strong>tamen</strong></span> <span class='ocrx_word' id='word_1_301' title='bbox 899 1075 991 1113; x_wconf 82' lang='lat' dir='ltr'><strong>magis</strong></span> <span class='ocrx_word' id='word_1_302' title='bbox 1022 1079 1158 1115; x_wconf 76' lang='lat' dir='ltr'><strong>receptae.</strong></span> <span class='ocrx_word' id='word_1_303' title='bbox 1183 1076 1285 1105; x_wconf 82' lang='lat' dir='ltr'><strong>Prima</strong></span> <span class='ocrx_word' id='word_1_304' title='bbox 1312 1073 1384 1105; x_wconf 80' lang='lat' dir='ltr'><strong>dicit</strong></span> 
     </span>
     <span class='ocr_line' id='line_1_61' title="bbox 772 1117 1384 1159; baseline 0 -11"><span class='ocrx_word' id='word_1_305' title='bbox 772 1117 864 1149; x_wconf 85' lang='lat' dir='ltr'><strong>verba</strong></span> <span class='ocrx_word' id='word_1_306' title='bbox 895 1127 1068 1157; x_wconf 81' lang='lat' dir='ltr'><strong>sponsorum</strong></span> <span class='ocrx_word' id='word_1_307' title='bbox 1099 1120 1246 1158; x_wconf 79' lang='lat' dir='ltr'><strong>quatenus</strong></span> <span class='ocrx_word' id='word_1_308' title='bbox 1276 1117 1384 1159; x_wconf 85' lang='lat' dir='ltr'><strong>expri-</strong></span> 
     </span>
     <span class='ocr_line' id='line_1_62' title="bbox 772 1162 1384 1203; baseline 0.002 -11"><span class='ocrx_word' id='word_1_309' title='bbox 772 1166 858 1193; x_wconf 88' lang='lat' dir='ltr'><strong>munt</strong></span> <span class='ocrx_word' id='word_1_310' title='bbox 876 1162 1061 1193; x_wconf 82' lang='lat' dir='ltr'><strong>traditionem</strong></span> <span class='ocrx_word' id='word_1_311' title='bbox 1074 1171 1232 1203; x_wconf 88' lang='lat' dir='ltr'><strong>corporum</strong></span> <span class='ocrx_word' id='word_1_312' title='bbox 1243 1171 1308 1194; x_wconf 82' lang='lat' dir='ltr'><strong>esse</strong></span> <span class='ocrx_word' id='word_1_313' title='bbox 1321 1171 1384 1193; x_wconf 89' lang='lat' dir='ltr'><strong>ma-</strong></span> 
     </span>
     <span class='ocr_line' id='line_1_63' title="bbox 773 1206 1384 1245; baseline -0.002 -8"><span class='ocrx_word' id='word_1_314' title='bbox 773 1207 887 1237; x_wconf 78' lang='lat' dir='ltr'><strong>teriam.</strong></span> <span class='ocrx_word' id='word_1_315' title='bbox 908 1222 947 1228; x_wconf 92' lang='lat'>—</span> <span class='ocrx_word' id='word_1_316' title='bbox 965 1206 1097 1236; x_wconf 79' lang='lat' dir='ltr'><strong>Secunda</strong></span> <span class='ocrx_word' id='word_1_317' title='bbox 1109 1210 1209 1236; x_wconf 90' lang='lat' dir='ltr'><strong>autem</strong></span> <span class='ocrx_word' id='word_1_318' title='bbox 1227 1206 1275 1237; x_wconf 90' lang='lat' dir='ltr'><strong>cui</strong></span> <span class='ocrx_word' id='word_1_319' title='bbox 1292 1206 1384 1245; x_wconf 82' lang='lat' dir='ltr'><strong>magis</strong></span> 
     </span>
     <span class='ocr_line' id='line_1_64' title="bbox 770 1249 1384 1287; baseline 0 -7"><span class='ocrx_word' id='word_1_320' title='bbox 770 1250 925 1287; x_wconf 83' lang='lat' dir='ltr'><strong>adhoereo,</strong></span> <span class='ocrx_word' id='word_1_321' title='bbox 956 1249 1027 1280; x_wconf 87' lang='lat' dir='ltr'><strong>dicit</strong></span> <span class='ocrx_word' id='word_1_322' title='bbox 1053 1249 1209 1279; x_wconf 82' lang='lat' dir='ltr'><strong>materiam</strong></span> <span class='ocrx_word' id='word_1_323' title='bbox 1240 1255 1384 1280; x_wconf 85' lang='lat' dir='ltr'><strong>remotam</strong></span> 
     </span>
     <span class='ocr_line' id='line_1_65' title="bbox 771 1291 1384 1334; baseline 0 -9"><span class='ocrx_word' id='word_1_324' title='bbox 771 1294 860 1334; x_wconf 85' lang='lat' dir='ltr'><strong>hujus</strong></span> <span class='ocrx_word' id='word_1_325' title='bbox 879 1291 1059 1326; x_wconf 80' lang='lat' dir='ltr'><strong>sacramenti</strong></span> <span class='ocrx_word' id='word_1_326' title='bbox 1078 1302 1142 1324; x_wconf 87' lang='lat' dir='ltr'><strong>esse</strong></span> <span class='ocrx_word' id='word_1_327' title='bbox 1165 1302 1289 1334; x_wconf 81' lang='lat' dir='ltr'><strong>corpora</strong></span> <span class='ocrx_word' id='word_1_328' title='bbox 1307 1303 1384 1325; x_wconf 85' lang='lat' dir='ltr'><strong>con-</strong></span> 
     </span>
     <span class='ocr_line' id='line_1_66' title="bbox 771 1336 1384 1376; baseline 0.002 -8"><span class='ocrx_word' id='word_1_329' title='bbox 771 1339 951 1369; x_wconf 85' lang='lat' dir='ltr'><strong>trahentium</strong></span> <span class='ocrx_word' id='word_1_330' title='bbox 972 1340 1074 1368; x_wconf 82' lang='lat' dir='ltr'><strong>mutuo</strong></span> <span class='ocrx_word' id='word_1_331' title='bbox 1088 1336 1244 1375; x_wconf 78' lang='lat' dir='ltr'><strong>tradenda,</strong></span> <span class='ocrx_word' id='word_1_332' title='bbox 1263 1337 1324 1368; x_wconf 81' lang='lat' dir='ltr'><strong>sive</strong></span> <span class='ocrx_word' id='word_1_333' title='bbox 1334 1337 1384 1376; x_wconf 85' lang='lat' dir='ltr'><strong>jus</strong></span> 
     </span>
     <span class='ocr_line' id='line_1_67' title="bbox 771 1380 1382 1422; baseline 0 -10"><span class='ocrx_word' id='word_1_334' title='bbox 771 1386 909 1412; x_wconf 84' lang='lat' dir='ltr'><strong>mutuum</strong></span> <span class='ocrx_word' id='word_1_335' title='bbox 918 1383 949 1412; x_wconf 89' lang='lat' dir='ltr'><strong>in</strong></span> <span class='ocrx_word' id='word_1_336' title='bbox 959 1390 1066 1422; x_wconf 84' lang='lat' dir='ltr'><strong>corpus</strong></span> <span class='ocrx_word' id='word_1_337' title='bbox 1076 1380 1212 1418; x_wconf 83' lang='lat' dir='ltr'><strong>alterius;</strong></span> <span class='ocrx_word' id='word_1_338' title='bbox 1227 1381 1382 1412; x_wconf 79' lang='lat' dir='ltr'><strong>materiam</strong></span> 
     </span>
     <span class='ocr_line' id='line_1_68' title="bbox 771 1424 1382 1467; baseline 0.002 -11"><span class='ocrx_word' id='word_1_339' title='bbox 771 1426 936 1467; x_wconf 82' lang='lat' dir='ltr'><strong>proximam</strong></span> <span class='ocrx_word' id='word_1_340' title='bbox 970 1435 1035 1457; x_wconf 86' lang='lat' dir='ltr'><strong>esse</strong></span> <span class='ocrx_word' id='word_1_341' title='bbox 1065 1426 1159 1465; x_wconf 85' lang='lat' dir='ltr'><strong>ipsam</strong></span> <span class='ocrx_word' id='word_1_342' title='bbox 1195 1424 1382 1457; x_wconf 83' lang='lat' dir='ltr'><strong>traditionem</strong></span> 
     </span>
     <span class='ocr_line' id='line_1_69' title="bbox 767 1468 1384 1510; baseline 0 -10"><span class='ocrx_word' id='word_1_343' title='bbox 767 1470 845 1509; x_wconf 81' lang='lat' dir='ltr'><strong>J&#39;uris</strong></span> <span class='ocrx_word' id='word_1_344' title='bbox 870 1471 901 1500; x_wconf 87' lang='lat' dir='ltr'><strong>in</strong></span> <span class='ocrx_word' id='word_1_345' title='bbox 921 1479 1062 1510; x_wconf 82' lang='lat' dir='ltr'><strong>corpora,</strong></span> <span class='ocrx_word' id='word_1_346' title='bbox 1086 1470 1192 1500; x_wconf 79' lang='lat' dir='ltr'><strong>saetam</strong></span> <span class='ocrx_word' id='word_1_347' title='bbox 1213 1478 1266 1509; x_wconf 87' lang='lat' dir='ltr'><strong>per</strong></span> <span class='ocrx_word' id='word_1_348' title='bbox 1291 1468 1384 1500; x_wconf 77' lang='lat' dir='ltr'><strong>verba</strong></span> 
     </span>
     <span class='ocr_line' id='line_1_70' title="bbox 769 1512 1322 1554; baseline -0.005 -9"><span class='ocrx_word' id='word_1_349' title='bbox 769 1523 823 1545; x_wconf 87' lang='lat' dir='ltr'><strong>seu</strong></span> <span class='ocrx_word' id='word_1_350' title='bbox 836 1515 918 1554; x_wconf 85' lang='lat' dir='ltr'><strong>signa</strong></span> <span class='ocrx_word' id='word_1_351' title='bbox 931 1522 1104 1545; x_wconf 82' lang='lat' dir='ltr'><strong>consensum</strong></span> <span class='ocrx_word' id='word_1_352' title='bbox 1118 1512 1322 1552; x_wconf 81' lang='lat' dir='ltr'><strong>exprimentia.</strong></span> 
     </span>
    </p>

    <p class='ocr_par' dir='ltr' id='par_1_10' title="bbox 770 1555 1384 1731">
     <span class='ocr_line' id='line_1_71' title="bbox 810 1555 1384 1596; baseline -0.002 -8"><span class='ocrx_word' id='word_1_353' title='bbox 810 1558 842 1588; x_wconf 76' lang='lat'><strong>3⁰</strong></span> <span class='ocrx_word' id='word_1_354' title='bbox 869 1557 1037 1588; x_wconf 72' lang='lat' dir='ltr'><strong>communis</strong></span> <span class='ocrx_word' id='word_1_355' title='bbox 1060 1561 1105 1587; x_wconf 84' lang='lat' dir='ltr'><strong>est</strong></span> <span class='ocrx_word' id='word_1_356' title='bbox 1137 1555 1281 1586; x_wconf 87' lang='lat' dir='ltr'><strong>sententia</strong></span> <span class='ocrx_word' id='word_1_357' title='bbox 1304 1555 1384 1596; x_wconf 75' lang='lat' dir='ltr'><strong>quod</strong></span> 
     </span>
     <span class='ocr_line' id='line_1_72' title="bbox 771 1599 1383 1640; baseline -0.013 -7"><span class='ocrx_word' id='word_1_358' title='bbox 771 1603 864 1633; x_wconf 78' lang='lat' dir='ltr'><strong>forma</strong></span> <span class='ocrx_word' id='word_1_359' title='bbox 895 1602 982 1640; x_wconf 84' lang='lat' dir='ltr'><strong>hujus</strong></span> <span class='ocrx_word' id='word_1_360' title='bbox 1004 1600 1186 1632; x_wconf 68' lang='lat' dir='ltr'><strong>sacramenti</strong></span> <span class='ocrx_word' id='word_1_361' title='bbox 1213 1600 1272 1630; x_wconf 85' lang='lat' dir='ltr'><strong>sint</strong></span> <span class='ocrx_word' id='word_1_362' title='bbox 1293 1599 1383 1630; x_wconf 63' lang='lat' dir='ltr'><strong>ver-ba</strong></span> 
     </span>
     <span class='ocr_line' id='line_1_73' title="bbox 770 1645 1384 1685; baseline -0.008 -8"><span class='ocrx_word' id='word_1_363' title='bbox 770 1650 822 1677; x_wconf 87' lang='lat' dir='ltr'><strong>aut</strong></span> <span class='ocrx_word' id='word_1_364' title='bbox 850 1647 932 1685; x_wconf 76' lang='lat' dir='ltr'><strong>signa</strong></span> <span class='ocrx_word' id='word_1_365' title='bbox 955 1645 1189 1675; x_wconf 76' lang='lat' dir='ltr'><strong>contrahentium</strong></span> <span class='ocrx_word' id='word_1_366' title='bbox 1209 1650 1384 1673; x_wconf 82' lang='lat' dir='ltr'><strong>consensum</strong></span> 
     </span>
     <span class='ocr_line' id='line_1_74' title="bbox 770 1690 1102 1731; baseline -0.006 -10"><span class='ocrx_word' id='word_1_367' title='bbox 770 1691 974 1731; x_wconf 79' lang='lat' dir='ltr'><strong>exprimentia.</strong></span> <span class='ocrx_word' id='word_1_368' title='bbox 986 1707 1025 1713; x_wconf 91' lang='lat'>—</span> <span class='ocrx_word' id='word_1_369' title='bbox 1036 1690 1102 1719; x_wconf 85' lang='lat'><strong>880.</strong></span> 
     </span>
    </p>

    <p class='ocr_par' dir='ltr' id='par_1_11' title="bbox 771 1734 1384 2429">
     <span class='ocr_line' id='line_1_75' title="bbox 813 1734 1383 1774; baseline -0.002 -8"><span class='ocrx_word' id='word_1_370' title='bbox 813 1736 844 1766; x_wconf 71' lang='lat'><strong>4⁰</strong></span> <span class='ocrx_word' id='word_1_371' title='bbox 879 1734 1045 1765; x_wconf 65' lang='lat' dir='ltr'><strong>amimunis</strong></span> <span class='ocrx_word' id='word_1_372' title='bbox 1072 1736 1234 1772; x_wconf 75' lang='lat' dir='ltr'><strong>sententia,</strong></span> <span class='ocrx_word' id='word_1_373' title='bbox 1261 1739 1292 1766; x_wconf 88' lang='lat' dir='ltr'><strong>et</strong></span> <span class='ocrx_word' id='word_1_374' title='bbox 1313 1743 1383 1774; x_wconf 78' lang='lat' dir='ltr'><strong>quae</strong></span> 
     </span>
     <span class='ocr_line' id='line_1_76' title="bbox 771 1779 1384 1818; baseline 0 -9"><span class='ocrx_word' id='word_1_375' title='bbox 771 1779 886 1810; x_wconf 85' lang='lat' dir='ltr'><strong>videtur</strong></span> <span class='ocrx_word' id='word_1_376' title='bbox 918 1779 1066 1809; x_wconf 84' lang='lat' dir='ltr'><strong>moraliter</strong></span> <span class='ocrx_word' id='word_1_377' title='bbox 1091 1785 1172 1810; x_wconf 83' lang='lat' dir='ltr'><strong>certa</strong></span> <span class='ocrx_word' id='word_1_378' title='bbox 1196 1779 1281 1809; x_wconf 80' lang='lat' dir='ltr'><strong>docet</strong></span> <span class='ocrx_word' id='word_1_379' title='bbox 1304 1779 1384 1818; x_wconf 77' lang='lat' dir='ltr'><strong>ipsos</strong></span> 
     </span>
     <span class='ocr_line' id='line_1_77' title="bbox 772 1822 1384 1861; baseline -0.002 -7"><span class='ocrx_word' id='word_1_380' title='bbox 772 1823 977 1854; x_wconf 81' lang='lat' dir='ltr'><strong>contrahentes</strong></span> <span class='ocrx_word' id='word_1_381' title='bbox 1016 1832 1080 1854; x_wconf 86' lang='lat' dir='ltr'><strong>esse</strong></span> <span class='ocrx_word' id='word_1_382' title='bbox 1114 1823 1264 1854; x_wconf 86' lang='lat' dir='ltr'><strong>ministros</strong></span> <span class='ocrx_word' id='word_1_383' title='bbox 1296 1822 1384 1861; x_wconf 83' lang='lat' dir='ltr'><strong>hujus</strong></span> 
     </span>
     <span class='ocr_line' id='line_1_78' title="bbox 771 1866 1382 1902; baseline -0.003 -4"><span class='ocrx_word' id='word_1_384' title='bbox 771 1867 963 1898; x_wconf 83' lang='lat' dir='ltr'><strong>sacramenti.</strong></span> <span class='ocrx_word' id='word_1_385' title='bbox 994 1883 1035 1890; x_wconf 90' lang='lat'>—</span> <span class='ocrx_word' id='word_1_386' title='bbox 1068 1867 1111 1897; x_wconf 77' lang='lat' dir='ltr'><strong>lta</strong></span> <span class='ocrx_word' id='word_1_387' title='bbox 1150 1866 1382 1902; x_wconf 73' lang='lat' dir='ltr'><strong>Beuanninus,</strong></span> 
     </span>
     <span class='ocr_line' id='line_1_79' title="bbox 773 1911 1381 1951; baseline -0.002 -9"><span class='ocrx_word' id='word_1_388' title='bbox 773 1913 875 1948; x_wconf 77' lang='lat' dir='ltr'><strong>Gonet,</strong></span> <span class='ocrx_word' id='word_1_389' title='bbox 886 1911 1021 1947; x_wconf 60' lang='lat' dir='ltr'><strong>Cabass„</strong></span> <span class='ocrx_word' id='word_1_390' title='bbox 1035 1912 1155 1951; x_wconf 61' lang='lat' dir='ltr'><strong>zaym„</strong></span> <span class='ocrx_word' id='word_1_391' title='bbox 1165 1911 1267 1948; x_wconf 52' lang='grc' dir='ltr'><strong>Πομ-5.,</strong></span> <span class='ocrx_word' id='word_1_392' title='bbox 1279 1911 1381 1948; x_wconf 69' lang='lat' dir='ltr'><strong>Satur..</strong></span> 
     </span>
     <span class='ocr_line' id='line_1_80' title="bbox 772 1954 1383 1992; baseline -0.002 -7"><span class='ocrx_word' id='word_1_393' title='bbox 772 1956 858 1992; x_wconf 81' lang='grc' dir='ltr'>Βθη.,</span> <span class='ocrx_word' id='word_1_394' title='bbox 879 1954 1020 1986; x_wconf 69' lang='lat' dir='ltr'><strong>Benedici.</strong></span> <span class='ocrx_word' id='word_1_395' title='bbox 1032 1956 1106 1991; x_wconf 73' lang='lat' dir='ltr'><strong>xlv,</strong></span> <span class='ocrx_word' id='word_1_396' title='bbox 1119 1958 1172 1986; x_wconf 82' lang='lat' dir='ltr'><strong>etc.</strong></span> <span class='ocrx_word' id='word_1_397' title='bbox 1185 1954 1383 1985; x_wconf 83' lang='lat' dir='ltr'><strong>—Probatur</strong></span> 
     </span>
     <span class='ocr_line' id='line_1_81' title="bbox 773 1997 1383 2041; baseline -0.005 -11"><span class='ocrx_word' id='word_1_398' title='bbox 773 2001 804 2030; x_wconf 61' lang='grc' dir='ltr'><em>ν</em></span> <span class='ocrx_word' id='word_1_399' title='bbox 824 2001 893 2041; x_wconf 85' lang='lat' dir='ltr'><strong>quia</strong></span> <span class='ocrx_word' id='word_1_400' title='bbox 913 1999 1113 2030; x_wconf 72' lang='lat' dir='ltr'><strong>Tridentinum</strong></span> <span class='ocrx_word' id='word_1_401' title='bbox 1133 1998 1292 2030; x_wconf 87' lang='lat' dir='ltr'><strong>declaravit</strong></span> <span class='ocrx_word' id='word_1_402' title='bbox 1315 1997 1383 2028; x_wconf 89' lang='lat' dir='ltr'><strong>olim</strong></span> 
     </span>
     <span class='ocr_line' id='line_1_82' title="bbox 771 2043 1381 2085; baseline -0.007 -10"><span class='ocrx_word' id='word_1_403' title='bbox 771 2045 869 2075; x_wconf 85' lang='lat' dir='ltr'><strong>omnia</strong></span> <span class='ocrx_word' id='word_1_404' title='bbox 887 2045 1019 2085; x_wconf 71' lang='lat' dir='ltr'><strong>coniugia</strong></span> <span class='ocrx_word' id='word_1_405' title='bbox 1037 2043 1217 2074; x_wconf 85' lang='lat' dir='ltr'><strong>clandestina</strong></span> <span class='ocrx_word' id='word_1_406' title='bbox 1233 2051 1298 2073; x_wconf 82' lang='lat' dir='ltr'><strong>esse</strong></span> <span class='ocrx_word' id='word_1_407' title='bbox 1312 2049 1381 2071; x_wconf 88' lang='lat' dir='ltr'><strong>vera</strong></span> 
     </span>
     <span class='ocr_line' id='line_1_83' title="bbox 771 2085 1384 2129; baseline -0.008 -9"><span class='ocrx_word' id='word_1_408' title='bbox 771 2095 801 2121; x_wconf 89' lang='lat' dir='ltr'><strong>et</strong></span> <span class='ocrx_word' id='word_1_409' title='bbox 821 2094 899 2127; x_wconf 75' lang='lat' dir='ltr'><strong>rata,</strong></span> <span class='ocrx_word' id='word_1_410' title='bbox 922 2089 1011 2129; x_wconf 87' lang='lat' dir='ltr'><strong>idque</strong></span> <span class='ocrx_word' id='word_1_411' title='bbox 1034 2092 1187 2129; x_wconf 81' lang='lat' dir='ltr'><strong>negantem</strong></span> <span class='ocrx_word' id='word_1_412' title='bbox 1203 2086 1241 2118; x_wconf 84' lang='lat' dir='ltr'><strong>de</strong></span> <span class='ocrx_word' id='word_1_413' title='bbox 1259 2085 1384 2116; x_wconf 82' lang='lat' dir='ltr'><strong>anathe-</strong></span> 
     </span>
     <span class='ocr_line' id='line_1_84' title="bbox 772 2131 1383 2164; baseline -0.008 0"><span class='ocrx_word' id='word_1_414' title='bbox 772 2138 850 2164; x_wconf 89' lang='lat' dir='ltr'><strong>mate</strong></span> <span class='ocrx_word' id='word_1_415' title='bbox 879 2133 1037 2164; x_wconf 86' lang='lat' dir='ltr'><strong>damnavit.</strong></span> <span class='ocrx_word' id='word_1_416' title='bbox 1071 2131 1253 2163; x_wconf 79' lang='lat' dir='ltr'><strong>Matrimonia</strong></span> <span class='ocrx_word' id='word_1_417' title='bbox 1284 2133 1383 2160; x_wconf 84' lang='lat' dir='ltr'><strong>autem</strong></span> 
     </span>
     <span class='ocr_line' id='line_1_85' title="bbox 772 2173 1382 2216; baseline -0.008 -8"><span class='ocrx_word' id='word_1_418' title='bbox 772 2178 901 2208; x_wconf 85' lang='lat' dir='ltr'><strong>fidelium</strong></span> <span class='ocrx_word' id='word_1_419' title='bbox 924 2186 982 2207; x_wconf 92' lang='lat' dir='ltr'><strong>non</strong></span> <span class='ocrx_word' id='word_1_420' title='bbox 1005 2180 1128 2216; x_wconf 79' lang='lat' dir='ltr'><strong>possunt</strong></span> <span class='ocrx_word' id='word_1_421' title='bbox 1140 2174 1198 2205; x_wconf 90' lang='lat' dir='ltr'><strong>dici</strong></span> <span class='ocrx_word' id='word_1_422' title='bbox 1219 2178 1303 2211; x_wconf 82' lang='lat' dir='ltr'><strong>rata,</strong></span> <span class='ocrx_word' id='word_1_423' title='bbox 1325 2173 1382 2204; x_wconf 85' lang='lat' dir='ltr'><strong>nisi</strong></span> 
     </span>
     <span class='ocr_line' id='line_1_86' title="bbox 771 2216 1383 2258; baseline -0.007 -7"><span class='ocrx_word' id='word_1_424' title='bbox 771 2222 831 2251; x_wconf 87' lang='lat' dir='ltr'><strong>sint</strong></span> <span class='ocrx_word' id='word_1_425' title='bbox 843 2221 1041 2251; x_wconf 86' lang='lat' dir='ltr'><strong>Sacramenta.</strong></span> <span class='ocrx_word' id='word_1_426' title='bbox 1055 2219 1087 2249; x_wconf 91' lang='lat' dir='ltr'><strong>Si</strong></span> <span class='ocrx_word' id='word_1_427' title='bbox 1107 2221 1177 2258; x_wconf 79' lang='lat' dir='ltr'><strong>ergo</strong></span> <span class='ocrx_word' id='word_1_428' title='bbox 1196 2219 1264 2249; x_wconf 78' lang='lat' dir='ltr'><strong>ante</strong></span> <span class='ocrx_word' id='word_1_429' title='bbox 1277 2216 1383 2247; x_wconf 87' lang='lat' dir='ltr'><strong>Conci-</strong></span> 
     </span>
     <span class='ocr_line' id='line_1_87' title="bbox 772 2261 1382 2295; baseline -0.008 0"><span class='ocrx_word' id='word_1_430' title='bbox 772 2265 843 2295; x_wconf 90' lang='lat' dir='ltr'><strong>lium</strong></span> <span class='ocrx_word' id='word_1_431' title='bbox 863 2264 1043 2294; x_wconf 77' lang='lat' dir='ltr'><strong>Matrimonia</strong></span> <span class='ocrx_word' id='word_1_432' title='bbox 1064 2262 1194 2293; x_wconf 82' lang='lat' dir='ltr'><strong>fidelium</strong></span> <span class='ocrx_word' id='word_1_433' title='bbox 1209 2262 1272 2292; x_wconf 85' lang='lat' dir='ltr'><strong>sine</strong></span> <span class='ocrx_word' id='word_1_434' title='bbox 1287 2261 1382 2291; x_wconf 82' lang='lat' dir='ltr'><strong>Paro-</strong></span> 
     </span>
     <span class='ocr_line' id='line_1_88' title="bbox 771 2306 1384 2345; baseline -0.008 -6"><span class='ocrx_word' id='word_1_435' title='bbox 771 2309 826 2339; x_wconf 86' lang='lat' dir='ltr'><strong>cho</strong></span> <span class='ocrx_word' id='word_1_436' title='bbox 848 2308 919 2338; x_wconf 87' lang='lat' dir='ltr'><strong>inita</strong></span> <span class='ocrx_word' id='word_1_437' title='bbox 930 2331 938 2345; x_wconf 85' lang='lat'>‚</span> <span class='ocrx_word' id='word_1_438' title='bbox 967 2308 1087 2337; x_wconf 77' lang='lat' dir='ltr'><strong>luerunt</strong></span> <span class='ocrx_word' id='word_1_439' title='bbox 1100 2306 1290 2336; x_wconf 85' lang='lat' dir='ltr'><strong>Sacramenta</strong></span> <span class='ocrx_word' id='word_1_440' title='bbox 1304 2328 1312 2342; x_wconf 83' lang='lat'>‚</span> <span class='ocrx_word' id='word_1_441' title='bbox 1327 2312 1384 2335; x_wconf 87' lang='lat' dir='ltr'><strong>ne-</strong></span> 
     </span>
     <span class='ocr_line' id='line_1_89' title="bbox 771 2350 1383 2389; baseline -0.008 -5"><span class='ocrx_word' id='word_1_442' title='bbox 771 2353 897 2384; x_wconf 82' lang='lat' dir='ltr'><strong>cessario</strong></span> <span class='ocrx_word' id='word_1_443' title='bbox 938 2350 1096 2382; x_wconf 87' lang='lat' dir='ltr'><strong>dicendum</strong></span> <span class='ocrx_word' id='word_1_444' title='bbox 1142 2354 1212 2380; x_wconf 86' lang='lat' dir='ltr'><strong>tuno</strong></span> <span class='ocrx_word' id='word_1_445' title='bbox 1260 2356 1383 2389; x_wconf 74' lang='lat' dir='ltr'><strong>sponsos</strong></span> 
     </span>
     <span class='ocr_line' id='line_1_90' title="bbox 772 2392 1383 2429; baseline -0.011 0"><span class='ocrx_word' id='word_1_446' title='bbox 772 2398 922 2429; x_wconf 83' lang='lat' dir='ltr'><strong>ministros</strong></span> <span class='ocrx_word' id='word_1_447' title='bbox 946 2397 1060 2426; x_wconf 81' lang='lat' dir='ltr'><strong>tantum</strong></span> <span class='ocrx_word' id='word_1_448' title='bbox 1084 2394 1122 2425; x_wconf 89' lang='lat' dir='ltr'><strong>de</strong></span> <span class='ocrx_word' id='word_1_449' title='bbox 1147 2393 1196 2425; x_wconf 89' lang='lat' dir='ltr'><strong>illo</strong></span> <span class='ocrx_word' id='word_1_450' title='bbox 1219 2392 1317 2424; x_wconf 77' lang='lat' dir='ltr'><strong>fuisse.</strong></span> <span class='ocrx_word' id='word_1_451' title='bbox 1341 2408 1383 2415; x_wconf 95' lang='lat'>—</span> 
     </span>
    </p>
   </div>
   <div class='ocr_carea' id='block_1_9' title="bbox 201 2436 1384 2533">
    <p class='ocr_par' dir='ltr' id='par_1_12' title="bbox 201 2436 1384 2533">
     <span class='ocr_line' id='line_1_91' title="bbox 201 2436 1384 2480; baseline -0.009 0"><span class='ocrx_word' id='word_1_452' title='bbox 201 2448 410 2480; x_wconf 62' lang='lat' dir='ltr'><strong>Matrimonium</strong></span> <span class='ocrx_word' id='word_1_453' title='bbox 429 2451 476 2478; x_wconf 78' lang='lat' dir='ltr'><strong>est</strong></span> <span class='ocrx_word' id='word_1_454' title='bbox 497 2447 720 2477; x_wconf 69' lang='lat' dir='ltr'><strong>sacr-amium</strong></span> <span class='ocrx_word' id='word_1_455' title='bbox 772 2442 916 2473; x_wconf 83' lang='lat' dir='ltr'><strong>Probatur</strong></span> <span class='ocrx_word' id='word_1_456' title='bbox 936 2441 968 2471; x_wconf 78' lang='lat'><strong>2⁰</strong></span> <span class='ocrx_word' id='word_1_457' title='bbox 987 2449 1027 2471; x_wconf 85' lang='lat' dir='ltr'><strong>ex</strong></span> <span class='ocrx_word' id='word_1_458' title='bbox 1048 2439 1152 2470; x_wconf 73' lang='lat' dir='ltr'><strong>emlem</strong></span> <span class='ocrx_word' id='word_1_459' title='bbox 1172 2436 1267 2474; x_wconf 63' lang='lat' dir='ltr'><strong>Tria„</strong></span> <span class='ocrx_word' id='word_1_460' title='bbox 1285 2446 1325 2468; x_wconf 84' lang='lat' dir='ltr'><strong>ex</strong></span> <span class='ocrx_word' id='word_1_461' title='bbox 1346 2445 1384 2469; x_wconf 83' lang='grc' dir='ltr'><strong>οο</strong></span> 
     </span>
     <span class='ocr_line' id='line_1_92' title="bbox 201 2479 1384 2533; baseline -0.011 -9"><span class='ocrx_word' id='word_1_462' title='bbox 201 2493 435 2533; x_wconf 49' lang='lat' dir='ltr'><strong>tapinomata«)</strong></span> <span class='ocrx_word' id='word_1_463' title='bbox 445 2491 495 2522; x_wconf 83' lang='lat' dir='ltr'><strong>vir</strong></span> <span class='ocrx_word' id='word_1_464' title='bbox 505 2489 650 2521; x_wconf 70' lang='lat' dir='ltr'><strong>cunulier</strong></span> <span class='ocrx_word' id='word_1_465' title='bbox 660 2487 718 2519; x_wconf 76' lang='lat' dir='ltr'><strong>sibi</strong></span> <span class='ocrx_word' id='word_1_466' title='bbox 740 2479 749 2530; x_wconf 61' lang='lat' dir='ltr'><strong>i</strong></span> <span class='ocrx_word' id='word_1_467' title='bbox 771 2487 850 2528; x_wconf 80' lang='lat' dir='ltr'><strong>quod</strong></span> <span class='ocrx_word' id='word_1_468' title='bbox 863 2485 1039 2523; x_wconf 74' lang='lat' dir='ltr'><strong>Concilium,</strong></span> <span class='ocrx_word' id='word_1_469' title='bbox 1059 2483 1131 2515; x_wconf 78' lang='lat' dir='ltr'><strong>dum</strong></span> <span class='ocrx_word' id='word_1_470' title='bbox 1153 2481 1266 2521; x_wconf 66' lang='lat' dir='ltr'><strong>nuptie</strong></span> <span class='ocrx_word' id='word_1_471' title='bbox 1279 2481 1384 2513; x_wconf 67' lang='lat' dir='ltr'><strong>ineun-</strong></span> 
     </span>
    </p>
   </div>
  </div>
 </body>
</html>
