<?xml version="1.0" encoding="UTF-8"?>
<!DOCTYPE html PUBLIC "-//W3C//DTD XHTML 1.0 Transitional//EN"
    "http://www.w3.org/TR/xhtml1/DTD/xhtml1-transitional.dtd">
<html xmlns="http://www.w3.org/1999/xhtml" xml:lang="en" lang="en">
 <head>
  <title>
</title>
<meta http-equiv="Content-Type" content="text/html;charset=utf-8" />
  <meta name='ocr-system' content='tesseract 3.04.00' />
  <meta name='ocr-capabilities' content='ocr_page ocr_carea ocr_par ocr_line ocrx_word'/>
</head>
<body>
  <div class='ocr_page' id='page_1' title='image "./compendiumtheol00ligugoog_0659.png"; bbox 0 0 1617 2892; ppageno 0'>
   <div class='ocr_carea' id='block_1_1' title="bbox 589 382 850 410">
    <p class='ocr_par' dir='ltr' id='par_1_1' title="bbox 589 382 850 410">
     <span class='ocr_line' id='line_1_1' title="bbox 589 382 850 410; baseline -0.011 -2"><span class='ocrx_word' id='word_1_1' title='bbox 589 382 629 408; x_wconf 69' lang='grc' dir='ltr'><strong>ΒΕ</strong></span> <span class='ocrx_word' id='word_1_2' title='bbox 651 382 850 410; x_wconf 66' lang='lat' dir='ltr'><strong>nummulo.</strong></span> 
     </span>
    </p>
   </div>
   <div class='ocr_carea' id='block_1_2' title="bbox 209 444 695 1552">
    <p class='ocr_par' dir='ltr' id='par_1_2' title="bbox 209 444 695 1552">
     <span class='ocr_line' id='line_1_2' title="bbox 209 444 695 488; baseline 0.004 -10"><span class='ocrx_word' id='word_1_3' title='bbox 209 444 271 478; x_wconf 73' lang='lat' dir='ltr'><strong>&#39;ales</strong></span> <span class='ocrx_word' id='word_1_4' title='bbox 294 445 458 479; x_wconf 70' lang='lat' dir='ltr'><strong>eaetrimecz·</strong></span> <span class='ocrx_word' id='word_1_5' title='bbox 487 445 607 488; x_wconf 77' lang='lat' dir='ltr'>plurimi</span> <span class='ocrx_word' id='word_1_6' title='bbox 629 457 695 480; x_wconf 88' lang='lat' dir='ltr'><strong>esse</strong></span> 
     </span>
     <span class='ocr_line' id='line_1_3' title="bbox 209 491 695 533; baseline 0.004 -11"><span class='ocrx_word' id='word_1_7' title='bbox 209 514 217 527; x_wconf 81' lang='lat'><strong>,</strong></span> <span class='ocrx_word' id='word_1_8' title='bbox 230 495 265 522; x_wconf 89' lang='lat' dir='ltr'><strong>ut</strong></span> <span class='ocrx_word' id='word_1_9' title='bbox 276 499 337 532; x_wconf 79' lang='lat' dir='ltr'><strong>pax</strong></span> <span class='ocrx_word' id='word_1_10' title='bbox 354 491 547 530; x_wconf 87' lang='lat' dir='ltr'><strong>concilianda,</strong></span> <span class='ocrx_word' id='word_1_11' title='bbox 562 491 695 533; x_wconf 87' lang='lat' dir='ltr'><strong>voluptas</strong></span> 
     </span>
     <span class='ocr_line' id='line_1_4' title="bbox 209 540 315 574; baseline 0 -8"><span class='ocrx_word' id='word_1_12' title='bbox 209 543 238 574; x_wconf 68' lang='lat' dir='ltr'><strong>a,</strong></span> <span class='ocrx_word' id='word_1_13' title='bbox 258 540 315 566; x_wconf 77' lang='lat' dir='ltr'><strong>ete.</strong></span> 
     </span>
     <span class='ocr_line' id='line_1_5' title="bbox 209 580 693 623; baseline 0.004 -13"><span class='ocrx_word' id='word_1_14' title='bbox 209 580 304 619; x_wconf 72' lang='lat' dir='ltr'><strong>osius,</strong></span> <span class='ocrx_word' id='word_1_15' title='bbox 325 585 440 613; x_wconf 87' lang='lat' dir='ltr'><strong>certum</strong></span> <span class='ocrx_word' id='word_1_16' title='bbox 454 587 500 614; x_wconf 75' lang='lat' dir='ltr'><strong>est</strong></span> <span class='ocrx_word' id='word_1_17' title='bbox 521 584 553 613; x_wconf 63' lang='grc' dir='ltr'><strong>4θ</strong></span> <span class='ocrx_word' id='word_1_18' title='bbox 569 581 648 623; x_wconf 77' lang='lat' dir='ltr'><strong>quod</strong></span> <span class='ocrx_word' id='word_1_19' title='bbox 667 582 693 612; x_wconf 83' lang='lat' dir='ltr'><strong>si</strong></span> 
     </span>
     <span class='ocr_line' id='line_1_6' title="bbox 209 625 693 667; baseline 0.002 -12"><span class='ocrx_word' id='word_1_20' title='bbox 209 625 359 664; x_wconf 51' lang='lat' dir='ltr'><strong>[traheret.</strong></span> <span class='ocrx_word' id='word_1_21' title='bbox 377 627 499 667; x_wconf 82' lang='lat' dir='ltr'><strong>positive</strong></span> <span class='ocrx_word' id='word_1_22' title='bbox 513 625 693 658; x_wconf 88' lang='lat' dir='ltr'><strong>excludendo</strong></span> 
     </span>
     <span class='ocr_line' id='line_1_7' title="bbox 209 669 692 702; baseline 0.002 -3"><span class='ocrx_word' id='word_1_23' title='bbox 209 669 348 701; x_wconf 79' lang='lat' dir='ltr'><strong>trinsecus</strong></span> <span class='ocrx_word' id='word_1_24' title='bbox 368 670 575 702; x_wconf 69' lang='lat' dir='ltr'><strong>substantiales</strong></span> <span class='ocrx_word' id='word_1_25' title='bbox 586 670 692 701; x_wconf 82' lang='lat' dir='ltr'><strong>Matri-</strong></span> 
     </span>
     <span class='ocr_line' id='line_1_8' title="bbox 209 713 691 754; baseline 0 -10"><span class='ocrx_word' id='word_1_26' title='bbox 209 715 314 754; x_wconf 77' lang='lat' dir='ltr'><strong>nempe</strong></span> <span class='ocrx_word' id='word_1_27' title='bbox 339 715 438 745; x_wconf 79' lang='lat' dir='ltr'><strong>animo</strong></span> <span class='ocrx_word' id='word_1_28' title='bbox 464 724 523 746; x_wconf 90' lang='lat' dir='ltr'><strong>non</strong></span> <span class='ocrx_word' id='word_1_29' title='bbox 549 713 691 745; x_wconf 87' lang='lat' dir='ltr'><strong>reddendi</strong></span> 
     </span>
     <span class='ocr_line' id='line_1_9' title="bbox 216 757 689 799; baseline 0.006 -13"><span class='ocrx_word' id='word_1_30' title='bbox 216 780 225 794; x_wconf 94' lang='lat'><strong>,</strong></span> <span class='ocrx_word' id='word_1_31' title='bbox 240 757 287 787; x_wconf 84' lang='lat' dir='ltr'><strong>vel</strong></span> <span class='ocrx_word' id='word_1_32' title='bbox 308 757 499 789; x_wconf 83' lang='lat' dir='ltr'><strong>contrahendi</strong></span> <span class='ocrx_word' id='word_1_33' title='bbox 511 758 550 789; x_wconf 85' lang='lat' dir='ltr'><strong>ad</strong></span> <span class='ocrx_word' id='word_1_34' title='bbox 561 764 689 799; x_wconf 77' lang='lat' dir='ltr'><strong>tempus.</strong></span> 
     </span>
     <span class='ocr_line' id='line_1_10' title="bbox 209 803 691 842; baseline 0.006 -11"><span class='ocrx_word' id='word_1_35' title='bbox 209 810 238 831; x_wconf 90' lang='lat' dir='ltr'><strong>m</strong></span> <span class='ocrx_word' id='word_1_36' title='bbox 249 806 401 842; x_wconf 73' lang='lat' dir='ltr'><strong>peccaret,</strong></span> <span class='ocrx_word' id='word_1_37' title='bbox 413 803 467 834; x_wconf 82' lang='lat' dir='ltr'><strong>sed</strong></span> <span class='ocrx_word' id='word_1_38' title='bbox 478 803 589 834; x_wconf 84' lang='lat' dir='ltr'><strong>nullum</strong></span> <span class='ocrx_word' id='word_1_39' title='bbox 603 803 691 834; x_wconf 79' lang='lat' dir='ltr'><strong>iniret</strong></span> 
     </span>
     <span class='ocr_line' id='line_1_11' title="bbox 209 846 689 878; baseline 0.004 -2"><span class='ocrx_word' id='word_1_40' title='bbox 209 846 300 876; x_wconf 91' lang='lat' dir='ltr'><strong>nium.</strong></span> <span class='ocrx_word' id='word_1_41' title='bbox 318 847 360 877; x_wconf 80' lang='lat' dir='ltr'><strong>lta</strong></span> <span class='ocrx_word' id='word_1_42' title='bbox 375 848 565 878; x_wconf 78' lang='lat' dir='ltr'><strong>communiter</strong></span> <span class='ocrx_word' id='word_1_43' title='bbox 578 855 689 878; x_wconf 82' lang='lat' dir='ltr'><strong>omnes.</strong></span> 
     </span>
     <span class='ocr_line' id='line_1_12' title="bbox 209 891 690 932; baseline 0.002 -11"><span class='ocrx_word' id='word_1_44' title='bbox 209 899 250 921; x_wconf 79' lang='lat' dir='ltr'><strong>im</strong></span> <span class='ocrx_word' id='word_1_45' title='bbox 267 895 313 921; x_wconf 84' lang='lat' dir='ltr'><strong>est</strong></span> <span class='ocrx_word' id='word_1_46' title='bbox 325 891 358 922; x_wconf 72' lang='lat'><strong>2⁶</strong></span> <span class='ocrx_word' id='word_1_47' title='bbox 371 891 452 931; x_wconf 76' lang='lat' dir='ltr'><strong>quod</strong></span> <span class='ocrx_word' id='word_1_48' title='bbox 462 892 487 923; x_wconf 86' lang='lat' dir='ltr'><strong>si</strong></span> <span class='ocrx_word' id='word_1_49' title='bbox 505 893 572 932; x_wconf 81' lang='lat' dir='ltr'><strong>quie</strong></span> <span class='ocrx_word' id='word_1_50' title='bbox 586 891 690 922; x_wconf 85' lang='lat' dir='ltr'><strong>exclu-</strong></span> 
     </span>
     <span class='ocr_line' id='line_1_13' title="bbox 209 935 690 968; baseline 0.002 -3"><span class='ocrx_word' id='word_1_51' title='bbox 209 943 250 966; x_wconf 76' lang='lat' dir='ltr'><strong>ios</strong></span> <span class='ocrx_word' id='word_1_52' title='bbox 269 935 343 966; x_wconf 78' lang='lat' dir='ltr'><strong>fines</strong></span> <span class='ocrx_word' id='word_1_53' title='bbox 362 936 537 968; x_wconf 83' lang='lat' dir='ltr'><strong>intrinsecos</strong></span> <span class='ocrx_word' id='word_1_54' title='bbox 556 935 690 968; x_wconf 87' lang='lat' dir='ltr'><strong>acciden-</strong></span> 
     </span>
     <span class='ocr_line' id='line_1_14' title="bbox 209 978 689 1018; baseline 0.004 -9"><span class='ocrx_word' id='word_1_55' title='bbox 209 987 251 1010; x_wconf 84' lang='lat' dir='ltr'><strong>on</strong></span> <span class='ocrx_word' id='word_1_56' title='bbox 274 978 369 1010; x_wconf 76' lang='lat' dir='ltr'><strong>solum</strong></span> <span class='ocrx_word' id='word_1_57' title='bbox 390 979 504 1018; x_wconf 83' lang='lat' dir='ltr'><strong>valide,</strong></span> <span class='ocrx_word' id='word_1_58' title='bbox 526 980 579 1012; x_wconf 75' lang='lat' dir='ltr'><strong>sed</strong></span> <span class='ocrx_word' id='word_1_59' title='bbox 600 981 689 1011; x_wconf 79' lang='lat' dir='ltr'><strong>etiam</strong></span> 
     </span>
     <span class='ocr_line' id='line_1_15' title="bbox 209 1023 689 1064; baseline 0.002 -10"><span class='ocrx_word' id='word_1_60' title='bbox 209 1027 269 1054; x_wconf 83' lang='lat' dir='ltr'><strong>sset</strong></span> <span class='ocrx_word' id='word_1_61' title='bbox 291 1023 469 1064; x_wconf 81' lang='lat' dir='ltr'><strong>quandoque</strong></span> <span class='ocrx_word' id='word_1_62' title='bbox 491 1025 664 1055; x_wconf 75' lang='lat' dir='ltr'><strong>contrahere</strong></span> <span class='ocrx_word' id='word_1_63' title='bbox 678 1047 689 1064; x_wconf 87' lang='lat'><strong>,</strong></span> 
     </span>
     <span class='ocr_line' id='line_1_16' title="bbox 215 1069 687 1107; baseline 0.004 -9"><span class='ocrx_word' id='word_1_64' title='bbox 215 1072 294 1099; x_wconf 75' lang='lat' dir='ltr'><strong>esset</strong></span> <span class='ocrx_word' id='word_1_65' title='bbox 312 1076 421 1107; x_wconf 85' lang='lat' dir='ltr'><strong>senex,</strong></span> <span class='ocrx_word' id='word_1_66' title='bbox 434 1073 465 1099; x_wconf 88' lang='lat' dir='ltr'><strong>et</strong></span> <span class='ocrx_word' id='word_1_67' title='bbox 485 1069 610 1101; x_wconf 86' lang='lat' dir='ltr'><strong>nuberet</strong></span> <span class='ocrx_word' id='word_1_68' title='bbox 624 1070 687 1101; x_wconf 84' lang='lat' dir='ltr'><strong>sine</strong></span> 
     </span>
     <span class='ocr_line' id='line_1_17' title="bbox 209 1111 687 1153; baseline 0.004 -11"><span class='ocrx_word' id='word_1_69' title='bbox 209 1111 325 1143; x_wconf 72' lang='lat' dir='ltr'><strong>creandi</strong></span> <span class='ocrx_word' id='word_1_70' title='bbox 348 1112 480 1153; x_wconf 82' lang='lat' dir='ltr'><strong>prolem,</strong></span> <span class='ocrx_word' id='word_1_71' title='bbox 510 1122 564 1145; x_wconf 83' lang='lat' dir='ltr'><strong>nec</strong></span> <span class='ocrx_word' id='word_1_72' title='bbox 589 1115 687 1145; x_wconf 89' lang='lat' dir='ltr'><strong>inten-</strong></span> 
     </span>
     <span class='ocr_line' id='line_1_18' title="bbox 209 1155 687 1198; baseline 0.002 -12"><span class='ocrx_word' id='word_1_73' title='bbox 209 1155 335 1187; x_wconf 88' lang='lat' dir='ltr'><strong>medium</strong></span> <span class='ocrx_word' id='word_1_74' title='bbox 348 1158 607 1198; x_wconf 57' lang='lat' dir='ltr'><strong>concupiscentiam</strong></span> <span class='ocrx_word' id='word_1_75' title='bbox 622 1158 687 1189; x_wconf 80' lang='lat' dir='ltr'><strong>sus-</strong></span> 
     </span>
     <span class='ocr_line' id='line_1_19' title="bbox 209 1200 685 1233; baseline 0.004 -3"><span class='ocrx_word' id='word_1_76' title='bbox 209 1209 222 1230; x_wconf 77' lang='grc' dir='ltr'>ι</span> <span class='ocrx_word' id='word_1_77' title='bbox 240 1200 437 1232; x_wconf 69' lang='grc' dir='ltr'><strong>ιιιειιῑνοιιιιιι·</strong></span> <span class='ocrx_word' id='word_1_78' title='bbox 452 1202 526 1233; x_wconf 87' lang='lat' dir='ltr'><strong>fines</strong></span> <span class='ocrx_word' id='word_1_79' title='bbox 542 1201 685 1233; x_wconf 83' lang='lat' dir='ltr'><strong>substan-</strong></span> 
     </span>
     <span class='ocr_line' id='line_1_20' title="bbox 227 1246 687 1284; baseline 0.004 -10"><span class='ocrx_word' id='word_1_80' title='bbox 227 1246 335 1284; x_wconf 62' lang='grc' dir='ltr'><strong>θυρεὸς</strong></span> <span class='ocrx_word' id='word_1_81' title='bbox 356 1249 387 1275; x_wconf 89' lang='lat' dir='ltr'><strong>et</strong></span> <span class='ocrx_word' id='word_1_82' title='bbox 409 1246 452 1275; x_wconf 88' lang='lat' dir='ltr'><strong>sio</strong></span> <span class='ocrx_word' id='word_1_83' title='bbox 475 1250 687 1276; x_wconf 85' lang='lat' dir='ltr'><strong>contraxerunt</strong></span> 
     </span>
     <span class='ocr_line' id='line_1_21' title="bbox 209 1288 685 1330; baseline 0.006 -12"><span class='ocrx_word' id='word_1_84' title='bbox 209 1301 213 1314; x_wconf 67' lang='grc' dir='ltr'>ι</span> <span class='ocrx_word' id='word_1_85' title='bbox 231 1297 300 1319; x_wconf 86' lang='lat' dir='ltr'><strong>cum</strong></span> <span class='ocrx_word' id='word_1_86' title='bbox 313 1288 345 1319; x_wconf 90' lang='lat' dir='ltr'><strong>S.</strong></span> <span class='ocrx_word' id='word_1_87' title='bbox 366 1290 489 1330; x_wconf 85' lang='lat' dir='ltr'><strong>Joseph,</strong></span> <span class='ocrx_word' id='word_1_88' title='bbox 511 1292 562 1330; x_wconf 91' lang='lat' dir='ltr'><strong>qui</strong></span> <span class='ocrx_word' id='word_1_89' title='bbox 585 1291 685 1330; x_wconf 80' lang='lat' dir='ltr'><strong>utique</strong></span> 
     </span>
     <span class='ocr_line' id='line_1_22' title="bbox 209 1332 683 1376; baseline 0.004 -13"><span class='ocrx_word' id='word_1_90' title='bbox 209 1332 332 1364; x_wconf 71' lang='lat' dir='ltr'><strong>iderunt</strong></span> <span class='ocrx_word' id='word_1_91' title='bbox 341 1336 573 1374; x_wconf 78' lang='lat' dir='ltr'>procreationem</span> <span class='ocrx_word' id='word_1_92' title='bbox 585 1335 683 1376; x_wconf 85' lang='lat' dir='ltr'><strong>prolis,</strong></span> 
     </span>
     <span class='ocr_line' id='line_1_23' title="bbox 209 1377 685 1419; baseline 0.006 -11"><span class='ocrx_word' id='word_1_93' title='bbox 209 1377 307 1408; x_wconf 82' lang='lat' dir='ltr'><strong>edium</strong></span> <span class='ocrx_word' id='word_1_94' title='bbox 321 1379 581 1419; x_wconf 76' lang='lat' dir='ltr'><strong>concupiscentiae,</strong></span> <span class='ocrx_word' id='word_1_95' title='bbox 593 1385 624 1411; x_wconf 85' lang='lat' dir='ltr'><strong>et</strong></span> <span class='ocrx_word' id='word_1_96' title='bbox 637 1384 685 1410; x_wconf 85' lang='lat' dir='ltr'><strong>ta-</strong></span> 
     </span>
     <span class='ocr_line' id='line_1_24' title="bbox 209 1420 684 1462; baseline 0.004 -10"><span class='ocrx_word' id='word_1_97' title='bbox 209 1420 286 1452; x_wconf 65' lang='lat' dir='ltr'><strong>ndum</strong></span> <span class='ocrx_word' id='word_1_98' title='bbox 300 1421 420 1462; x_wconf 86' lang='lat' dir='ltr'><strong>quidem</strong></span> <span class='ocrx_word' id='word_1_99' title='bbox 434 1427 466 1454; x_wconf 86' lang='lat' dir='ltr'><strong>et</strong></span> <span class='ocrx_word' id='word_1_100' title='bbox 485 1423 596 1454; x_wconf 84' lang='lat' dir='ltr'><strong>licitum</strong></span> <span class='ocrx_word' id='word_1_101' title='bbox 609 1432 684 1455; x_wconf 88' lang='lat' dir='ltr'><strong>con-</strong></span> 
     </span>
     <span class='ocr_line' id='line_1_25' title="bbox 210 1466 682 1504; baseline 0.004 -8"><span class='ocrx_word' id='word_1_102' title='bbox 210 1466 344 1504; x_wconf 73' lang='lat' dir='ltr'><strong>nien-unt,</strong></span> <span class='ocrx_word' id='word_1_103' title='bbox 364 1476 402 1498; x_wconf 84' lang='lat' dir='ltr'><strong>ex</strong></span> <span class='ocrx_word' id='word_1_104' title='bbox 416 1467 514 1498; x_wconf 76' lang='lat' dir='ltr'><strong>illaleh.</strong></span> <span class='ocrx_word' id='word_1_105' title='bbox 530 1477 554 1498; x_wconf 92' lang='lat' dir='ltr'><strong>c.</strong></span> <span class='ocrx_word' id='word_1_106' title='bbox 567 1468 595 1498; x_wconf 89' lang='grc'><strong>4.</strong></span> <span class='ocrx_word' id='word_1_107' title='bbox 609 1467 659 1499; x_wconf 91' lang='lat' dir='ltr'><strong>ubi</strong></span> <span class='ocrx_word' id='word_1_108' title='bbox 675 1478 682 1498; x_wconf 90' lang='grc'>;</span> 
     </span>
     <span class='ocr_line' id='line_1_26' title="bbox 211 1511 683 1552; baseline 0.006 -12"><span class='ocrx_word' id='word_1_109' title='bbox 211 1519 245 1541; x_wconf 74' lang='grc' dir='ltr'><strong>νο</strong></span> <span class='ocrx_word' id='word_1_110' title='bbox 252 1511 383 1550; x_wconf 77' lang='lat' dir='ltr'><strong>accipere</strong></span> <span class='ocrx_word' id='word_1_111' title='bbox 396 1512 525 1542; x_wconf 69' lang='lat' dir='ltr'><strong>Mae-iam</strong></span> <span class='ocrx_word' id='word_1_112' title='bbox 534 1511 683 1552; x_wconf 72' lang='lat' dir='ltr'><strong>conjuqem</strong></span> 
     </span>
    </p>
   </div>
   <div class='ocr_carea' id='block_1_3' title="bbox 209 1601 684 2441">
    <p class='ocr_par' dir='ltr' id='par_1_3' title="bbox 209 1601 684 2441">
     <span class='ocr_line' id='line_1_27' title="bbox 209 1601 684 1641; baseline -0.002 -9"><span class='ocrx_word' id='word_1_113' title='bbox 209 1606 261 1632; x_wconf 81' lang='lat' dir='ltr'><strong>tur</strong></span> <span class='ocrx_word' id='word_1_114' title='bbox 282 1603 333 1633; x_wconf 70' lang='lat'><strong>⁴0⁰</strong></span> <span class='ocrx_word' id='word_1_115' title='bbox 353 1611 391 1633; x_wconf 81' lang='lat' dir='ltr'><strong>an</strong></span> <span class='ocrx_word' id='word_1_116' title='bbox 411 1601 563 1633; x_wconf 73' lang='lat' dir='ltr'><strong>venialiter</strong></span> <span class='ocrx_word' id='word_1_117' title='bbox 582 1604 684 1641; x_wconf 84' lang='lat' dir='ltr'><strong>peccet</strong></span> 
     </span>
     <span class='ocr_line' id='line_1_28' title="bbox 209 1645 682 1686; baseline 0.002 -11"><span class='ocrx_word' id='word_1_118' title='bbox 209 1647 227 1676; x_wconf 78' lang='lat' dir='ltr'><strong>it</strong></span> <span class='ocrx_word' id='word_1_119' title='bbox 243 1646 442 1686; x_wconf 70' lang='lat' dir='ltr'>principaliter</span> <span class='ocrx_word' id='word_1_120' title='bbox 463 1645 501 1675; x_wconf 87' lang='lat' dir='ltr'><strong>ob</strong></span> <span class='ocrx_word' id='word_1_121' title='bbox 518 1645 682 1676; x_wconf 83' lang='lat' dir='ltr'><strong>remedium</strong></span> 
     </span>
     <span class='ocr_line' id='line_1_29' title="bbox 209 1691 333 1721; baseline -0.008 0"><span class='ocrx_word' id='word_1_122' title='bbox 209 1691 333 1721; x_wconf 75' lang='lat' dir='ltr'><strong>centiae?</strong></span> 
     </span>
     <span class='ocr_line' id='line_1_30' title="bbox 209 1733 681 1775; baseline 0.004 -11"><span class='ocrx_word' id='word_1_123' title='bbox 209 1733 681 1775; x_wconf 51' lang='lat' dir='ltr'><strong>rimasententiemffirmat.—Se-</strong></span> 
     </span>
     <span class='ocr_line' id='line_1_31' title="bbox 209 1787 682 1816; baseline 0.004 -8"><span class='ocrx_word' id='word_1_124' title='bbox 209 1787 225 1808; x_wconf 77' lang='lat' dir='ltr'><strong>n</strong></span> <span class='ocrx_word' id='word_1_125' title='bbox 234 1787 334 1809; x_wconf 75' lang='lat' dir='ltr'><strong>minus</strong></span> <span class='ocrx_word' id='word_1_126' title='bbox 343 1787 513 1816; x_wconf 70' lang='lat' dir='ltr'><strong>communis,</strong></span> <span class='ocrx_word' id='word_1_127' title='bbox 522 1788 573 1809; x_wconf 80' lang='lat' dir='ltr'><strong>nec</strong></span> <span class='ocrx_word' id='word_1_128' title='bbox 582 1787 682 1810; x_wconf 72' lang='lat' dir='ltr'><strong>minua</strong></span> 
     </span>
     <span class='ocr_line' id='line_1_32' title="bbox 209 1822 678 1863; baseline 0.004 -11"><span class='ocrx_word' id='word_1_129' title='bbox 209 1830 222 1853; x_wconf 76' lang='lat' dir='ltr'><em>s</em></span> <span class='ocrx_word' id='word_1_130' title='bbox 242 1826 329 1862; x_wconf 68' lang='lat' dir='ltr'><strong>negat</strong></span> <span class='ocrx_word' id='word_1_131' title='bbox 349 1822 408 1853; x_wconf 91' lang='lat' dir='ltr'><strong>ullo</strong></span> <span class='ocrx_word' id='word_1_132' title='bbox 427 1822 513 1853; x_wconf 89' lang='lat' dir='ltr'><strong>modo</strong></span> <span class='ocrx_word' id='word_1_133' title='bbox 538 1832 678 1863; x_wconf 84' lang='lat' dir='ltr'><strong>peccare,</strong></span> 
     </span>
     <span class='ocr_line' id='line_1_33' title="bbox 209 1866 681 1898; baseline 0.002 -2"><span class='ocrx_word' id='word_1_134' title='bbox 209 1866 343 1898; x_wconf 65' lang='lat' dir='ltr'><strong>straneas</strong></span> <span class='ocrx_word' id='word_1_135' title='bbox 356 1875 414 1898; x_wconf 93' lang='lat' dir='ltr'><strong>non</strong></span> <span class='ocrx_word' id='word_1_136' title='bbox 434 1866 573 1898; x_wconf 79' lang='lat' dir='ltr'><strong>excludat</strong></span> <span class='ocrx_word' id='word_1_137' title='bbox 591 1867 681 1898; x_wconf 80' lang='lat' dir='ltr'><strong>finem</strong></span> 
     </span>
     <span class='ocr_line' id='line_1_34' title="bbox 209 1910 678 1952; baseline 0.004 -11"><span class='ocrx_word' id='word_1_138' title='bbox 209 1910 254 1941; x_wconf 80' lang='lat' dir='ltr'><strong>dae</strong></span> <span class='ocrx_word' id='word_1_139' title='bbox 275 1911 374 1952; x_wconf 86' lang='lat' dir='ltr'><strong>prolis.</strong></span> <span class='ocrx_word' id='word_1_140' title='bbox 389 1912 472 1942; x_wconf 78' lang='lat' dir='ltr'><strong>Ratio</strong></span> <span class='ocrx_word' id='word_1_141' title='bbox 490 1913 560 1952; x_wconf 84' lang='lat' dir='ltr'><strong>quia</strong></span> <span class='ocrx_word' id='word_1_142' title='bbox 577 1912 678 1943; x_wconf 75' lang='lat' dir='ltr'><strong>Matri-</strong></span> 
     </span>
     <span class='ocr_line' id='line_1_35' title="bbox 209 1956 678 1987; baseline 0.004 -2"><span class='ocrx_word' id='word_1_143' title='bbox 209 1961 242 1986; x_wconf 79' lang='lat' dir='ltr'><strong>·st</strong></span> <span class='ocrx_word' id='word_1_144' title='bbox 254 1957 273 1985; x_wconf 73' lang='lat' dir='ltr'><strong>a</strong></span> <span class='ocrx_word' id='word_1_145' title='bbox 295 1956 354 1986; x_wconf 87' lang='lat' dir='ltr'><strong>Deo</strong></span> <span class='ocrx_word' id='word_1_146' title='bbox 378 1956 544 1987; x_wconf 86' lang='lat' dir='ltr'><strong>institutum</strong></span> <span class='ocrx_word' id='word_1_147' title='bbox 560 1966 618 1987; x_wconf 91' lang='lat' dir='ltr'><strong>non</strong></span> <span class='ocrx_word' id='word_1_148' title='bbox 631 1965 678 1987; x_wconf 84' lang='lat' dir='ltr'><strong>so-</strong></span> 
     </span>
     <span class='ocr_line' id='line_1_36' title="bbox 221 1999 678 2040; baseline 0.007 -11"><span class='ocrx_word' id='word_1_149' title='bbox 221 1999 335 2040; x_wconf 84' lang='lat' dir='ltr'><strong>prolem</strong></span> <span class='ocrx_word' id='word_1_150' title='bbox 365 2000 597 2040; x_wconf 85' lang='lat' dir='ltr'><strong>procreandam,</strong></span> <span class='ocrx_word' id='word_1_151' title='bbox 624 2000 678 2032; x_wconf 82' lang='lat' dir='ltr'><strong>sed</strong></span> 
     </span>
     <span class='ocr_line' id='line_1_37' title="bbox 229 2044 677 2085; baseline 0.002 -11"><span class='ocrx_word' id='word_1_152' title='bbox 229 2044 393 2075; x_wconf 83' lang='lat' dir='ltr'><strong>remedium</strong></span> <span class='ocrx_word' id='word_1_153' title='bbox 413 2046 677 2085; x_wconf 65' lang='lat' dir='ltr'><strong>concupiscentiae,</strong></span> 
     </span>
     <span class='ocr_line' id='line_1_38' title="bbox 209 2089 674 2129; baseline 0.004 -12"><span class='ocrx_word' id='word_1_154' title='bbox 209 2097 250 2118; x_wconf 76' lang='lat' dir='ltr'><strong>,ur</strong></span> <span class='ocrx_word' id='word_1_155' title='bbox 264 2097 303 2119; x_wconf 80' lang='lat' dir='ltr'><strong>ex</strong></span> <span class='ocrx_word' id='word_1_156' title='bbox 315 2089 434 2129; x_wconf 59' lang='lat' dir='ltr'><strong>Apost„</strong></span> <span class='ocrx_word' id='word_1_157' title='bbox 452 2089 464 2119; x_wconf 86' lang='grc'><strong>4</strong></span> <span class='ocrx_word' id='word_1_158' title='bbox 484 2090 549 2119; x_wconf 82' lang='lat' dir='ltr'><strong>Cor.</strong></span> <span class='ocrx_word' id='word_1_159' title='bbox 564 2090 583 2119; x_wconf 91' lang='lat'><strong>7</strong></span> <span class='ocrx_word' id='word_1_160' title='bbox 605 2089 674 2119; x_wconf 86' lang='lat' dir='ltr'><strong>ubi:</strong></span> 
     </span>
     <span class='ocr_line' id='line_1_39' title="bbox 209 2130 676 2173; baseline 0 -10"><span class='ocrx_word' id='word_1_161' title='bbox 209 2130 441 2170; x_wconf 57' lang='lat' dir='ltr'><strong>ffirnicastunem,</strong></span> <span class='ocrx_word' id='word_1_162' title='bbox 475 2133 676 2173; x_wconf 76' lang='lat' dir='ltr'><strong>unusquisque</strong></span> 
     </span>
     <span class='ocr_line' id='line_1_40' title="bbox 209 2177 676 2218; baseline 0 -10"><span class='ocrx_word' id='word_1_163' title='bbox 209 2186 294 2208; x_wconf 71' lang='lat' dir='ltr'><strong>mem</strong></span> <span class='ocrx_word' id='word_1_164' title='bbox 312 2177 430 2216; x_wconf 73' lang='lat' dir='ltr'><strong>habeat,</strong></span> <span class='ocrx_word' id='word_1_165' title='bbox 450 2181 479 2208; x_wconf 85' lang='lat' dir='ltr'><strong>et</strong></span> <span class='ocrx_word' id='word_1_166' title='bbox 493 2186 676 2218; x_wconf 63' lang='lat' dir='ltr'><strong>unaquaeque</strong></span> 
     </span>
     <span class='ocr_line' id='line_1_41' title="bbox 209 2221 521 2253; baseline 0.006 -2"><span class='ocrx_word' id='word_1_167' title='bbox 209 2230 264 2251; x_wconf 81' lang='lat' dir='ltr'><strong>um</strong></span> <span class='ocrx_word' id='word_1_168' title='bbox 276 2221 388 2252; x_wconf 80' lang='lat' dir='ltr'><strong>habeat.</strong></span> <span class='ocrx_word' id='word_1_169' title='bbox 401 2239 443 2246; x_wconf 92' lang='lat'>—</span> <span class='ocrx_word' id='word_1_170' title='bbox 453 2222 521 2253; x_wconf 73' lang='lat'><strong>882.</strong></span> 
     </span>
     <span class='ocr_line' id='line_1_42' title="bbox 209 2266 677 2299; baseline 0.006 -3"><span class='ocrx_word' id='word_1_171' title='bbox 209 2269 253 2296; x_wconf 68' lang='lat' dir='ltr'><strong>tur</strong></span> <span class='ocrx_word' id='word_1_172' title='bbox 264 2266 315 2296; x_wconf 78' lang='lat' dir='ltr'><em>w</em></span> <span class='ocrx_word' id='word_1_173' title='bbox 327 2274 365 2296; x_wconf 90' lang='lat' dir='ltr'><strong>an</strong></span> <span class='ocrx_word' id='word_1_174' title='bbox 375 2267 415 2298; x_wconf 88' lang='lat' dir='ltr'><strong>sit</strong></span> <span class='ocrx_word' id='word_1_175' title='bbox 427 2266 540 2298; x_wconf 85' lang='lat' dir='ltr'><strong>licitum</strong></span> <span class='ocrx_word' id='word_1_176' title='bbox 554 2273 677 2299; x_wconf 84' lang='lat' dir='ltr'><strong>contra-</strong></span> 
     </span>
     <span class='ocr_line' id='line_1_43' title="bbox 209 2310 676 2351; baseline 0.002 -11"><span class='ocrx_word' id='word_1_177' title='bbox 209 2310 375 2341; x_wconf 79' lang='lat' dir='ltr'><strong>trimonium</strong></span> <span class='ocrx_word' id='word_1_178' title='bbox 410 2311 609 2351; x_wconf 75' lang='lat' dir='ltr'><strong>principaliter</strong></span> <span class='ocrx_word' id='word_1_179' title='bbox 636 2311 676 2342; x_wconf 89' lang='lat' dir='ltr'><strong>ob</strong></span> 
     </span>
     <span class='ocr_line' id='line_1_44' title="bbox 212 2354 675 2397; baseline 0.004 -12"><span class='ocrx_word' id='word_1_180' title='bbox 212 2354 344 2386; x_wconf 65' lang='lat' dir='ltr'><strong>dentaloe</strong></span> <span class='ocrx_word' id='word_1_181' title='bbox 356 2356 553 2396; x_wconf 81' lang='lat' dir='ltr'><strong>extrinsecos,</strong></span> <span class='ocrx_word' id='word_1_182' title='bbox 569 2359 675 2397; x_wconf 74' lang='lat' dir='ltr'><strong>nempe</strong></span> 
     </span>
     <span class='ocr_line' id='line_1_45' title="bbox 209 2400 673 2441; baseline 0.004 -12"><span class='ocrx_word' id='word_1_183' title='bbox 209 2404 305 2431; x_wconf 75' lang='lat' dir='ltr'><strong>»tatem</strong></span> <span class='ocrx_word' id='word_1_184' title='bbox 338 2400 532 2441; x_wconf 72' lang='lat' dir='ltr'><strong>captandam,</strong></span> <span class='ocrx_word' id='word_1_185' title='bbox 569 2409 673 2441; x_wconf 88' lang='lat' dir='ltr'><strong>pacem</strong></span> 
     </span>
    </p>
   </div>
   <div class='ocr_carea' id='block_1_4' title="bbox 1294 376 1366 411">
    <p class='ocr_par' dir='ltr' id='par_1_4' title="bbox 1294 376 1366 411">
     <span class='ocr_line' id='line_1_46' title="bbox 1294 376 1366 411; baseline 0.014 -1"><span class='ocrx_word' id='word_1_186' title='bbox 1294 376 1366 411; x_wconf 74' lang='lat'><strong>049</strong></span> 
     </span>
    </p>
   </div>
   <div class='ocr_carea' id='block_1_5' title="bbox 740 445 1365 1099">
    <p class='ocr_par' dir='ltr' id='par_1_5' title="bbox 740 445 1365 1099">
     <span class='ocr_line' id='line_1_47' title="bbox 747 445 1365 479; baseline 0.002 -1"><span class='ocrx_word' id='word_1_187' title='bbox 747 455 808 479; x_wconf 89' lang='lat' dir='ltr'><strong>non</strong></span> <span class='ocrx_word' id='word_1_188' title='bbox 818 445 993 479; x_wconf 77' lang='lat' dir='ltr'>excludatur</span> <span class='ocrx_word' id='word_1_189' title='bbox 1005 447 1073 479; x_wconf 82' lang='lat' dir='ltr'><strong>fluis</strong></span> <span class='ocrx_word' id='word_1_190' title='bbox 1084 446 1203 479; x_wconf 79' lang='lat' dir='ltr'><strong>debitus</strong></span> <span class='ocrx_word' id='word_1_191' title='bbox 1221 446 1365 479; x_wconf 84' lang='lat' dir='ltr'><strong>intrinse—</strong></span> 
     </span>
     <span class='ocr_line' id='line_1_48' title="bbox 748 491 1364 532; baseline 0 -9"><span class='ocrx_word' id='word_1_192' title='bbox 748 501 802 523; x_wconf 88' lang='lat' dir='ltr'><strong>cus</strong></span> <span class='ocrx_word' id='word_1_193' title='bbox 815 516 823 530; x_wconf 91' lang='lat'><strong>,</strong></span> <span class='ocrx_word' id='word_1_194' title='bbox 848 496 881 522; x_wconf 89' lang='lat' dir='ltr'><strong>ut</strong></span> <span class='ocrx_word' id='word_1_195' title='bbox 902 493 1002 532; x_wconf 81' lang='lat' dir='ltr'><strong>supra.</strong></span> <span class='ocrx_word' id='word_1_196' title='bbox 1022 507 1063 515; x_wconf 92' lang='lat'><strong>—-</strong></span> <span class='ocrx_word' id='word_1_197' title='bbox 1074 491 1209 522; x_wconf 78' lang='lat' dir='ltr'><strong>Secunda</strong></span> <span class='ocrx_word' id='word_1_198' title='bbox 1223 492 1364 523; x_wconf 74' lang='lat' dir='ltr'><strong>sententia</strong></span> 
     </span>
     <span class='ocr_line' id='line_1_49' title="bbox 746 534 1363 576; baseline 0 -10"><span class='ocrx_word' id='word_1_199' title='bbox 746 539 840 575; x_wconf 73' lang='lat' dir='ltr'><strong>neyat.</strong></span> <span class='ocrx_word' id='word_1_200' title='bbox 853 551 894 558; x_wconf 90' lang='lat'>—</span> <span class='ocrx_word' id='word_1_201' title='bbox 906 535 967 576; x_wconf 80' lang='lat' dir='ltr'><strong>Ego</strong></span> <span class='ocrx_word' id='word_1_202' title='bbox 977 539 1050 576; x_wconf 87' lang='lat' dir='ltr'><strong>puto</strong></span> <span class='ocrx_word' id='word_1_203' title='bbox 1061 534 1302 575; x_wconf 80' lang='lat' dir='ltr'><strong>distinguendum</strong></span> <span class='ocrx_word' id='word_1_204' title='bbox 1315 545 1322 566; x_wconf 93' lang='lat'><strong>:</strong></span> <span class='ocrx_word' id='word_1_205' title='bbox 1336 535 1363 566; x_wconf 77' lang='lat' dir='ltr'><strong>si</strong></span> 
     </span>
     <span class='ocr_line' id='line_1_50' title="bbox 747 579 1363 620; baseline 0.002 -9"><span class='ocrx_word' id='word_1_206' title='bbox 747 579 814 611; x_wconf 81' lang='lat' dir='ltr'><strong>finis</strong></span> <span class='ocrx_word' id='word_1_207' title='bbox 826 579 866 611; x_wconf 85' lang='lat' dir='ltr'><strong>sit</strong></span> <span class='ocrx_word' id='word_1_208' title='bbox 878 588 932 620; x_wconf 88' lang='lat' dir='ltr'><strong>per</strong></span> <span class='ocrx_word' id='word_1_209' title='bbox 942 588 975 610; x_wconf 86' lang='lat' dir='ltr'><strong>se</strong></span> <span class='ocrx_word' id='word_1_210' title='bbox 985 580 1137 618; x_wconf 77' lang='lat' dir='ltr'><strong>honestus,</strong></span> <span class='ocrx_word' id='word_1_211' title='bbox 1152 579 1293 610; x_wconf 78' lang='lat' dir='ltr'><strong>nimirum</strong></span> <span class='ocrx_word' id='word_1_212' title='bbox 1302 587 1363 620; x_wconf 83' lang='lat' dir='ltr'><strong>pax</strong></span> 
     </span>
     <span class='ocr_line' id='line_1_51' title="bbox 746 624 1360 665; baseline 0.002 -11"><span class='ocrx_word' id='word_1_213' title='bbox 746 624 865 665; x_wconf 81' lang='lat' dir='ltr'><strong>populi,</strong></span> <span class='ocrx_word' id='word_1_214' title='bbox 892 633 976 655; x_wconf 81' lang='lat' dir='ltr'><strong>amor</strong></span> <span class='ocrx_word' id='word_1_215' title='bbox 1002 625 1080 655; x_wconf 86' lang='lat' dir='ltr'><strong>inter</strong></span> <span class='ocrx_word' id='word_1_216' title='bbox 1107 624 1338 665; x_wconf 77' lang='lat' dir='ltr'><strong>consanguineos</strong></span> <span class='ocrx_word' id='word_1_217' title='bbox 1351 648 1360 664; x_wconf 92' lang='lat'><strong>,</strong></span> 
     </span>
     <span class='ocr_line' id='line_1_52' title="bbox 745 668 1362 708; baseline 0.003 -10"><span class='ocrx_word' id='word_1_218' title='bbox 745 668 865 699; x_wconf 84' lang='lat' dir='ltr'><strong>honoris</strong></span> <span class='ocrx_word' id='word_1_219' title='bbox 878 668 997 699; x_wconf 68' lang='lat' dir='ltr'><strong>tamiliae</strong></span> <span class='ocrx_word' id='word_1_220' title='bbox 1010 669 1207 708; x_wconf 75' lang='lat' dir='ltr'><strong>conservatio,</strong></span> <span class='ocrx_word' id='word_1_221' title='bbox 1229 669 1362 701; x_wconf 72' lang='lat' dir='ltr'><strong>sanitatis</strong></span> 
     </span>
     <span class='ocr_line' id='line_1_53' title="bbox 746 711 1361 754; baseline 0.003 -11"><span class='ocrx_word' id='word_1_222' title='bbox 746 711 879 751; x_wconf 79' lang='lat' dir='ltr'><strong>tuendae,</strong></span> <span class='ocrx_word' id='word_1_223' title='bbox 893 718 925 744; x_wconf 83' lang='lat' dir='ltr'><strong>et</strong></span> <span class='ocrx_word' id='word_1_224' title='bbox 943 713 1063 752; x_wconf 85' lang='lat' dir='ltr'><strong>similia,</strong></span> <span class='ocrx_word' id='word_1_225' title='bbox 1086 717 1157 744; x_wconf 83' lang='lat' dir='ltr'><strong>tuno</strong></span> <span class='ocrx_word' id='word_1_226' title='bbox 1169 717 1242 754; x_wconf 89' lang='lat' dir='ltr'><strong>puto</strong></span> <span class='ocrx_word' id='word_1_227' title='bbox 1254 712 1361 745; x_wconf 87' lang='lat' dir='ltr'><strong>dicen—</strong></span> 
     </span>
     <span class='ocr_line' id='line_1_54' title="bbox 743 755 1359 796; baseline 0.003 -10"><span class='ocrx_word' id='word_1_228' title='bbox 743 755 816 787; x_wconf 90' lang='lat' dir='ltr'><strong>dum</strong></span> <span class='ocrx_word' id='word_1_229' title='bbox 851 756 929 788; x_wconf 74' lang='lat' dir='ltr'><strong>licite</strong></span> <span class='ocrx_word' id='word_1_230' title='bbox 957 756 1173 788; x_wconf 71' lang='lat' dir='ltr'><strong>Matrimonium</strong></span> <span class='ocrx_word' id='word_1_231' title='bbox 1195 757 1337 788; x_wconf 67' lang='lat' dir='ltr'><strong>‚contrahi</strong></span> <span class='ocrx_word' id='word_1_232' title='bbox 1349 782 1359 796; x_wconf 86' lang='lat'><strong>,</strong></span> 
     </span>
     <span class='ocr_line' id='line_1_55' title="bbox 743 800 1360 843; baseline 0.003 -12"><span class='ocrx_word' id='word_1_233' title='bbox 743 801 814 841; x_wconf 84' lang='lat' dir='ltr'><strong>quia</strong></span> <span class='ocrx_word' id='word_1_234' title='bbox 838 800 893 832; x_wconf 84' lang='lat' dir='ltr'><strong>hoc</strong></span> <span class='ocrx_word' id='word_1_235' title='bbox 913 809 971 832; x_wconf 88' lang='lat' dir='ltr'><strong>non</strong></span> <span class='ocrx_word' id='word_1_236' title='bbox 988 805 1034 832; x_wconf 87' lang='lat' dir='ltr'><strong>est</strong></span> <span class='ocrx_word' id='word_1_237' title='bbox 1052 800 1236 832; x_wconf 87' lang='lat' dir='ltr'><strong>deordinatio</strong></span> <span class='ocrx_word' id='word_1_238' title='bbox 1253 801 1360 843; x_wconf 82' lang='lat' dir='ltr'><strong>eligere</strong></span> 
     </span>
     <span class='ocr_line' id='line_1_56' title="bbox 742 845 1360 886; baseline 0.003 -10"><span class='ocrx_word' id='word_1_239' title='bbox 742 845 871 886; x_wconf 86' lang='lat' dir='ltr'><strong>aliquem</strong></span> <span class='ocrx_word' id='word_1_240' title='bbox 881 855 921 877; x_wconf 85' lang='lat' dir='ltr'><strong>ex</strong></span> <span class='ocrx_word' id='word_1_241' title='bbox 931 846 1040 877; x_wconf 79' lang='lat' dir='ltr'><strong>finibus</strong></span> <span class='ocrx_word' id='word_1_242' title='bbox 1052 845 1235 878; x_wconf 80' lang='lat' dir='ltr'><strong>secundariis</strong></span> <span class='ocrx_word' id='word_1_243' title='bbox 1248 847 1360 879; x_wconf 68' lang='lat' dir='ltr'><strong>honae—</strong></span> 
     </span>
     <span class='ocr_line' id='line_1_57' title="bbox 743 889 1359 931; baseline 0.005 -11"><span class='ocrx_word' id='word_1_244' title='bbox 743 890 781 921; x_wconf 85' lang='lat' dir='ltr'><strong>tis</strong></span> <span class='ocrx_word' id='word_1_245' title='bbox 800 898 868 930; x_wconf 77' lang='lat' dir='ltr'><strong>prae</strong></span> <span class='ocrx_word' id='word_1_246' title='bbox 880 889 938 921; x_wconf 79' lang='lat' dir='ltr'><strong>fine</strong></span> <span class='ocrx_word' id='word_1_247' title='bbox 947 890 1090 931; x_wconf 86' lang='lat' dir='ltr'><strong>primario</strong></span> <span class='ocrx_word' id='word_1_248' title='bbox 1099 914 1107 929; x_wconf 87' lang='lat'>‚</span> <span class='ocrx_word' id='word_1_249' title='bbox 1129 889 1218 921; x_wconf 74' lang='lat' dir='ltr'><strong>modo</strong></span> <span class='ocrx_word' id='word_1_250' title='bbox 1231 891 1286 922; x_wconf 82' lang='lat' dir='ltr'><strong>iste</strong></span> <span class='ocrx_word' id='word_1_251' title='bbox 1299 900 1359 923; x_wconf 92' lang='lat' dir='ltr'><strong>non</strong></span> 
     </span>
     <span class='ocr_line' id='line_1_58' title="bbox 742 933 1360 966; baseline 0.002 -2"><span class='ocrx_word' id='word_1_252' title='bbox 742 933 928 965; x_wconf 75' lang='lat' dir='ltr'><strong>excludatur.</strong></span> <span class='ocrx_word' id='word_1_253' title='bbox 956 934 1047 965; x_wconf 78' lang='lat' dir='ltr'><strong>Secus</strong></span> <span class='ocrx_word' id='word_1_254' title='bbox 1066 937 1138 965; x_wconf 76' lang='lat' dir='ltr'><strong>verb</strong></span> <span class='ocrx_word' id='word_1_255' title='bbox 1162 934 1189 965; x_wconf 86' lang='lat' dir='ltr'><strong>si</strong></span> <span class='ocrx_word' id='word_1_256' title='bbox 1208 934 1276 965; x_wconf 85' lang='lat' dir='ltr'><strong>finis</strong></span> <span class='ocrx_word' id='word_1_257' title='bbox 1297 943 1360 966; x_wconf 86' lang='lat' dir='ltr'><strong>non</strong></span> 
     </span>
     <span class='ocr_line' id='line_1_59' title="bbox 740 978 1356 1019; baseline 0.002 -10"><span class='ocrx_word' id='word_1_258' title='bbox 740 978 780 1009; x_wconf 83' lang='lat' dir='ltr'><strong>sit</strong></span> <span class='ocrx_word' id='word_1_259' title='bbox 798 978 952 1017; x_wconf 84' lang='lat' dir='ltr'><strong>honestus,</strong></span> <span class='ocrx_word' id='word_1_260' title='bbox 968 980 1073 1019; x_wconf 80' lang='lat' dir='ltr'><strong>nempe</strong></span> <span class='ocrx_word' id='word_1_261' title='bbox 1086 979 1112 1009; x_wconf 82' lang='lat' dir='ltr'><strong>si</strong></span> <span class='ocrx_word' id='word_1_262' title='bbox 1124 978 1164 1009; x_wconf 86' lang='lat' dir='ltr'><strong>sit</strong></span> <span class='ocrx_word' id='word_1_263' title='bbox 1183 978 1356 1019; x_wconf 77' lang='lat' dir='ltr'><strong>voluptatis,</strong></span> 
     </span>
     <span class='ocr_line' id='line_1_60' title="bbox 741 1021 1359 1062; baseline 0.003 -10"><span class='ocrx_word' id='word_1_264' title='bbox 741 1021 787 1052; x_wconf 88' lang='lat' dir='ltr'><strong>vel</strong></span> <span class='ocrx_word' id='word_1_265' title='bbox 812 1022 979 1062; x_wconf 74' lang='lat' dir='ltr'><strong>cupiditatis</strong></span> <span class='ocrx_word' id='word_1_266' title='bbox 999 1022 1190 1062; x_wconf 79' lang='lat' dir='ltr'><strong>divitiarum,</strong></span> <span class='ocrx_word' id='word_1_267' title='bbox 1214 1027 1267 1054; x_wconf 76' lang='lat' dir='ltr'><strong>aut</strong></span> <span class='ocrx_word' id='word_1_268' title='bbox 1288 1024 1359 1055; x_wconf 69' lang='lat' dir='ltr'><strong>vani.</strong></span> 
     </span>
     <span class='ocr_line' id='line_1_61' title="bbox 740 1066 1005 1099; baseline 0.008 -2"><span class='ocrx_word' id='word_1_269' title='bbox 740 1066 870 1097; x_wconf 75' lang='lat' dir='ltr'><strong>honoris.</strong></span> <span class='ocrx_word' id='word_1_270' title='bbox 879 1082 921 1091; x_wconf 88' lang='lat'><strong>-—</strong></span> <span class='ocrx_word' id='word_1_271' title='bbox 932 1067 1005 1099; x_wconf 71' lang='lat'><strong>883.</strong></span> 
     </span>
    </p>
   </div>
   <div class='ocr_carea' id='block_1_6' title="bbox 808 1154 1287 1327">
    <p class='ocr_par' dir='ltr' id='par_1_6' title="bbox 808 1154 1287 1327">
     <span class='ocr_line' id='line_1_62' title="bbox 960 1154 1131 1188; baseline 0.012 -2"><span class='ocrx_word' id='word_1_272' title='bbox 960 1154 1079 1186; x_wconf 77' lang='lat' dir='ltr'>CAPUT</span> <span class='ocrx_word' id='word_1_273' title='bbox 1095 1155 1131 1188; x_wconf 81' lang='grc' dir='ltr'><strong>Π.</strong></span> 
     </span>
     <span class='ocr_line' id='line_1_63' title="bbox 808 1223 1287 1258; baseline 0.002 -8"><span class='ocrx_word' id='word_1_274' title='bbox 808 1224 846 1250; x_wconf 68' lang='lat' dir='ltr'><strong>no</strong></span> <span class='ocrx_word' id='word_1_275' title='bbox 855 1223 996 1250; x_wconf 69' lang='lat' dir='ltr'><strong>naui-mn</strong></span> <span class='ocrx_word' id='word_1_276' title='bbox 1005 1231 1049 1249; x_wconf 68' lang='lat' dir='ltr'><strong>un</strong></span> <span class='ocrx_word' id='word_1_277' title='bbox 1059 1224 1141 1258; x_wconf 64' lang='grc' dir='ltr'>ιιᾱιο,</span> <span class='ocrx_word' id='word_1_278' title='bbox 1152 1228 1179 1251; x_wconf 69' lang='lat'><strong>02</strong></span> <span class='ocrx_word' id='word_1_279' title='bbox 1189 1226 1287 1257; x_wconf 47' lang='lat' dir='ltr'><strong>amm„</strong></span> 
     </span>
     <span class='ocr_line' id='line_1_64' title="bbox 949 1304 1142 1327; baseline 0.005 -1"><span class='ocrx_word' id='word_1_280' title='bbox 949 1304 1101 1327; x_wconf 62' lang='lat' dir='ltr'><strong>attentus</strong></span> <span class='ocrx_word' id='word_1_281' title='bbox 1119 1305 1142 1327; x_wconf 79' lang='lat'><strong>1.</strong></span> 
     </span>
    </p>
   </div>
   <div class='ocr_carea' id='block_1_7' title="bbox 877 1364 1212 1393">
    <p class='ocr_par' dir='ltr' id='par_1_7' title="bbox 877 1364 1212 1393">
     <span class='ocr_line' id='line_1_65' title="bbox 877 1364 1212 1393; baseline 0.006 -2"><span class='ocrx_word' id='word_1_282' title='bbox 877 1364 912 1391; x_wconf 73' lang='lat' dir='ltr'><strong>De</strong></span> <span class='ocrx_word' id='word_1_283' title='bbox 922 1365 1062 1391; x_wconf 61' lang='lat' dir='ltr'><strong>{auximan</strong></span> <span class='ocrx_word' id='word_1_284' title='bbox 1073 1373 1116 1391; x_wconf 80' lang='lat' dir='ltr'><strong>um</strong></span> <span class='ocrx_word' id='word_1_285' title='bbox 1131 1366 1212 1393; x_wconf 64' lang='lat' dir='ltr'><strong>lidio.</strong></span> 
     </span>
    </p>
   </div>
   <div class='ocr_carea' id='block_1_8' title="bbox 726 1423 1354 2397">
    <p class='ocr_par' dir='ltr' id='par_1_8' title="bbox 733 1423 1354 1776">
     <span class='ocr_line' id='line_1_66' title="bbox 778 1423 1352 1465; baseline 0.005 -11"><span class='ocrx_word' id='word_1_286' title='bbox 778 1423 858 1464; x_wconf 78' lang='lat' dir='ltr'><strong>Piget</strong></span> <span class='ocrx_word' id='word_1_287' title='bbox 871 1433 918 1455; x_wconf 86' lang='lat' dir='ltr'><strong>me</strong></span> <span class='ocrx_word' id='word_1_288' title='bbox 930 1423 973 1456; x_wconf 80' lang='lat' dir='ltr'><strong>de</strong></span> <span class='ocrx_word' id='word_1_289' title='bbox 985 1424 1042 1456; x_wconf 62' lang='lat' dir='ltr'><strong>heo</strong></span> <span class='ocrx_word' id='word_1_290' title='bbox 1052 1424 1191 1462; x_wconf 74' lang='lat' dir='ltr'><strong>materia,</strong></span> <span class='ocrx_word' id='word_1_291' title='bbox 1205 1433 1273 1465; x_wconf 78' lang='lat' dir='ltr'><strong>quoe</strong></span> <span class='ocrx_word' id='word_1_292' title='bbox 1286 1429 1352 1458; x_wconf 85' lang='lat' dir='ltr'><strong>tan-</strong></span> 
     </span>
     <span class='ocr_line' id='line_1_67' title="bbox 737 1468 1354 1508; baseline 0.008 -11"><span class='ocrx_word' id='word_1_293' title='bbox 737 1470 797 1498; x_wconf 87' lang='lat' dir='ltr'><strong>tam</strong></span> <span class='ocrx_word' id='word_1_294' title='bbox 817 1477 880 1508; x_wconf 79' lang='lat' dir='ltr'><strong>prae</strong></span> <span class='ocrx_word' id='word_1_295' title='bbox 896 1477 929 1499; x_wconf 82' lang='lat' dir='ltr'><strong>se</strong></span> <span class='ocrx_word' id='word_1_296' title='bbox 943 1469 1000 1499; x_wconf 80' lang='lat' dir='ltr'><strong>sert</strong></span> <span class='ocrx_word' id='word_1_297' title='bbox 1018 1468 1195 1508; x_wconf 62' lang='lat' dir='ltr'><strong>faeditatem,</strong></span> <span class='ocrx_word' id='word_1_298' title='bbox 1211 1474 1244 1500; x_wconf 86' lang='lat' dir='ltr'><strong>ut</strong></span> <span class='ocrx_word' id='word_1_299' title='bbox 1255 1474 1354 1502; x_wconf 80' lang='lat' dir='ltr'><strong>castas</strong></span> 
     </span>
     <span class='ocr_line' id='line_1_68' title="bbox 735 1512 1349 1553; baseline 0.005 -11"><span class='ocrx_word' id='word_1_300' title='bbox 735 1516 850 1543; x_wconf 82' lang='lat' dir='ltr'><strong>mentes</strong></span> <span class='ocrx_word' id='word_1_301' title='bbox 868 1513 934 1553; x_wconf 85' lang='lat' dir='ltr'><strong>ipso</strong></span> <span class='ocrx_word' id='word_1_302' title='bbox 952 1512 1014 1543; x_wconf 85' lang='lat' dir='ltr'><strong>solo</strong></span> <span class='ocrx_word' id='word_1_303' title='bbox 1034 1514 1151 1544; x_wconf 84' lang='lat' dir='ltr'><strong>nomine</strong></span> <span class='ocrx_word' id='word_1_304' title='bbox 1175 1513 1349 1553; x_wconf 82' lang='lat' dir='ltr'><strong>perturbet,</strong></span> 
     </span>
     <span class='ocr_line' id='line_1_69' title="bbox 735 1556 1351 1597; baseline 0.005 -10"><span class='ocrx_word' id='word_1_305' title='bbox 735 1556 895 1597; x_wconf 81' lang='lat' dir='ltr'><strong>longiorem</strong></span> <span class='ocrx_word' id='word_1_306' title='bbox 928 1556 1041 1589; x_wconf 84' lang='lat' dir='ltr'><strong>habere</strong></span> <span class='ocrx_word' id='word_1_307' title='bbox 1075 1566 1265 1597; x_wconf 80' lang='lat' dir='ltr'><strong>sermonem;</strong></span> <span class='ocrx_word' id='word_1_308' title='bbox 1296 1559 1351 1591; x_wconf 76' lang='lat' dir='ltr'><strong>sed</strong></span> 
     </span>
     <span class='ocr_line' id='line_1_70' title="bbox 734 1602 1354 1635; baseline 0.005 -3"><span class='ocrx_word' id='word_1_309' title='bbox 734 1602 849 1632; x_wconf 87' lang='lat' dir='ltr'><strong>utinam</strong></span> <span class='ocrx_word' id='word_1_310' title='bbox 874 1610 932 1632; x_wconf 90' lang='lat' dir='ltr'><strong>non</strong></span> <span class='ocrx_word' id='word_1_311' title='bbox 954 1606 1032 1633; x_wconf 83' lang='lat' dir='ltr'><strong>esset</strong></span> <span class='ocrx_word' id='word_1_312' title='bbox 1055 1603 1121 1633; x_wconf 78' lang='lat' dir='ltr'><strong>hoec</strong></span> <span class='ocrx_word' id='word_1_313' title='bbox 1144 1604 1268 1634; x_wconf 86' lang='lat' dir='ltr'><strong>materia</strong></span> <span class='ocrx_word' id='word_1_314' title='bbox 1287 1607 1354 1635; x_wconf 78' lang='lat' dir='ltr'><strong>tam</strong></span> 
     </span>
     <span class='ocr_line' id='line_1_71' title="bbox 736 1645 1349 1688; baseline 0.005 -12"><span class='ocrx_word' id='word_1_315' title='bbox 736 1645 875 1686; x_wconf 69' lang='lat' dir='ltr'><strong>frequens</strong></span> <span class='ocrx_word' id='word_1_316' title='bbox 896 1646 927 1676; x_wconf 92' lang='lat' dir='ltr'><strong>in</strong></span> <span class='ocrx_word' id='word_1_317' title='bbox 941 1645 1177 1679; x_wconf 66' lang='lat' dir='ltr'><strong>anfessionibus</strong></span> <span class='ocrx_word' id='word_1_318' title='bbox 1196 1647 1349 1688; x_wconf 84' lang='lat' dir='ltr'><strong>excipien-</strong></span> 
     </span>
     <span class='ocr_line' id='line_1_72' title="bbox 733 1689 1351 1733; baseline 0.006 -12"><span class='ocrx_word' id='word_1_319' title='bbox 733 1689 800 1721; x_wconf 82' lang='lat' dir='ltr'><strong>dis!</strong></span> <span class='ocrx_word' id='word_1_320' title='bbox 824 1691 957 1731; x_wconf 80' lang='lat' dir='ltr'><strong>Ignoscat</strong></span> <span class='ocrx_word' id='word_1_321' title='bbox 977 1691 1052 1721; x_wconf 88' lang='lat' dir='ltr'><strong>mihi</strong></span> <span class='ocrx_word' id='word_1_322' title='bbox 1073 1693 1228 1733; x_wconf 67' lang='lat' dir='ltr'><strong>propterea</strong></span> <span class='ocrx_word' id='word_1_323' title='bbox 1249 1696 1351 1725; x_wconf 73' lang='lat' dir='ltr'><strong>castus</strong></span> 
     </span>
     <span class='ocr_line' id='line_1_73' title="bbox 734 1734 1256 1776; baseline 0.004 -11"><span class='ocrx_word' id='word_1_324' title='bbox 734 1734 841 1773; x_wconf 79' lang='lat' dir='ltr'><strong>lector,</strong></span> <span class='ocrx_word' id='word_1_325' title='bbox 862 1736 887 1766; x_wconf 84' lang='lat' dir='ltr'><strong>si</strong></span> <span class='ocrx_word' id='word_1_326' title='bbox 902 1735 965 1766; x_wconf 77' lang='lat' dir='ltr'><strong>fuse</strong></span> <span class='ocrx_word' id='word_1_327' title='bbox 977 1734 1015 1766; x_wconf 90' lang='lat' dir='ltr'><strong>de</strong></span> <span class='ocrx_word' id='word_1_328' title='bbox 1034 1734 1069 1766; x_wconf 70' lang='lat' dir='ltr'><strong>ea</strong></span> <span class='ocrx_word' id='word_1_329' title='bbox 1083 1736 1130 1767; x_wconf 78' lang='lat' dir='ltr'><strong>htc</strong></span> <span class='ocrx_word' id='word_1_330' title='bbox 1144 1735 1256 1776; x_wconf 83' lang='lat' dir='ltr'><strong>loquar.</strong></span> 
     </span>
    </p>

    <p class='ocr_par' dir='ltr' id='par_1_9' title="bbox 732 1778 1349 1945">
     <span class='ocr_line' id='line_1_74' title="bbox 772 1778 1349 1821; baseline 0.005 -12"><span class='ocrx_word' id='word_1_331' title='bbox 772 1778 850 1810; x_wconf 83' lang='lat' dir='ltr'><strong>Usus</strong></span> <span class='ocrx_word' id='word_1_332' title='bbox 866 1779 1029 1810; x_wconf 72' lang='lat' dir='ltr'><strong>Matrimoni</strong></span> <span class='ocrx_word' id='word_1_333' title='bbox 1040 1804 1048 1817; x_wconf 84' lang='grc'>,</span> <span class='ocrx_word' id='word_1_334' title='bbox 1064 1780 1125 1811; x_wconf 83' lang='lat' dir='ltr'><strong>sive</strong></span> <span class='ocrx_word' id='word_1_335' title='bbox 1144 1785 1229 1812; x_wconf 85' lang='lat' dir='ltr'><strong>actus</strong></span> <span class='ocrx_word' id='word_1_336' title='bbox 1242 1781 1349 1821; x_wconf 66' lang='lat' dir='ltr'><strong>conjit-</strong></span> 
     </span>
     <span class='ocr_line' id='line_1_75' title="bbox 732 1822 1346 1864; baseline 0.003 -10"><span class='ocrx_word' id='word_1_337' title='bbox 732 1822 805 1863; x_wconf 84' lang='lat' dir='ltr'><strong>galis</strong></span> <span class='ocrx_word' id='word_1_338' title='bbox 827 1827 873 1854; x_wconf 87' lang='lat' dir='ltr'><strong>est</strong></span> <span class='ocrx_word' id='word_1_339' title='bbox 896 1833 951 1864; x_wconf 86' lang='lat' dir='ltr'><strong>per</strong></span> <span class='ocrx_word' id='word_1_340' title='bbox 973 1832 1006 1855; x_wconf 88' lang='lat' dir='ltr'><strong>se</strong></span> <span class='ocrx_word' id='word_1_341' title='bbox 1025 1823 1123 1855; x_wconf 81' lang='lat' dir='ltr'><strong>licitus</strong></span> <span class='ocrx_word' id='word_1_342' title='bbox 1144 1827 1176 1855; x_wconf 84' lang='lat' dir='ltr'><strong>et</strong></span> <span class='ocrx_word' id='word_1_343' title='bbox 1197 1823 1346 1856; x_wconf 77' lang='lat' dir='ltr'><strong>honestus.</strong></span> 
     </span>
     <span class='ocr_line' id='line_1_76' title="bbox 732 1867 1326 1910; baseline 0.003 -12"><span class='ocrx_word' id='word_1_344' title='bbox 732 1867 890 1899; x_wconf 70' lang='lat' dir='ltr'><strong>flooestde</strong></span> <span class='ocrx_word' id='word_1_345' title='bbox 902 1868 979 1908; x_wconf 81' lang='lat' dir='ltr'><strong>fide,</strong></span> <span class='ocrx_word' id='word_1_346' title='bbox 992 1872 1113 1910; x_wconf 87' lang='lat' dir='ltr'><strong>etpatet</strong></span> <span class='ocrx_word' id='word_1_347' title='bbox 1126 1878 1164 1900; x_wconf 83' lang='lat' dir='ltr'><strong>ex</strong></span> <span class='ocrx_word' id='word_1_348' title='bbox 1186 1869 1200 1899; x_wconf 89' lang='grc'><strong>4</strong></span> <span class='ocrx_word' id='word_1_349' title='bbox 1226 1869 1293 1900; x_wconf 81' lang='lat' dir='ltr'><strong>Gor.</strong></span> <span class='ocrx_word' id='word_1_350' title='bbox 1306 1869 1326 1900; x_wconf 76' lang='lat'>2</span> 
     </span>
     <span class='ocr_line' id='line_1_77' title="bbox 733 1913 1165 1945; baseline 0.005 -2"><span class='ocrx_word' id='word_1_351' title='bbox 733 1913 828 1944; x_wconf 78' lang='lat' dir='ltr'><strong>Uaeori</strong></span> <span class='ocrx_word' id='word_1_352' title='bbox 841 1913 891 1943; x_wconf 84' lang='lat' dir='ltr'><strong>vir</strong></span> <span class='ocrx_word' id='word_1_353' title='bbox 904 1913 1034 1944; x_wconf 77' lang='lat' dir='ltr'><strong>debitum</strong></span> <span class='ocrx_word' id='word_1_354' title='bbox 1052 1913 1165 1945; x_wconf 74' lang='lat' dir='ltr'><strong>reddat.</strong></span> 
     </span>
    </p>

    <p class='ocr_par' dir='ltr' id='par_1_10' title="bbox 726 1957 1349 2397">
     <span class='ocr_line' id='line_1_78' title="bbox 771 1957 1349 1991; baseline 0.003 -3"><span class='ocrx_word' id='word_1_355' title='bbox 771 1958 827 1989; x_wconf 87' lang='lat' dir='ltr'><strong>Per</strong></span> <span class='ocrx_word' id='word_1_356' title='bbox 847 1957 983 1990; x_wconf 77' lang='lat' dir='ltr'><strong>accidens</strong></span> <span class='ocrx_word' id='word_1_357' title='bbox 1001 1962 1098 1990; x_wconf 79' lang='lat' dir='ltr'><strong>tamen</strong></span> <span class='ocrx_word' id='word_1_358' title='bbox 1120 1963 1166 1991; x_wconf 80' lang='lat' dir='ltr'><strong>est</strong></span> <span class='ocrx_word' id='word_1_359' title='bbox 1184 1959 1301 1990; x_wconf 84' lang='lat' dir='ltr'><strong>illicitus</strong></span> <span class='ocrx_word' id='word_1_360' title='bbox 1313 1959 1349 1990; x_wconf 79' lang='lat' dir='ltr'><strong>in</strong></span> 
     </span>
     <span class='ocr_line' id='line_1_79' title="bbox 729 2002 1343 2042; baseline 0.002 -10"><span class='ocrx_word' id='word_1_361' title='bbox 729 2002 923 2042; x_wconf 77' lang='lat' dir='ltr'><strong>sequentibus</strong></span> <span class='ocrx_word' id='word_1_362' title='bbox 942 2002 1067 2035; x_wconf 80' lang='lat' dir='ltr'><strong>casibus.</strong></span> <span class='ocrx_word' id='word_1_363' title='bbox 1093 2004 1124 2034; x_wconf 72' lang='lat'><strong>4⁶</strong></span> <span class='ocrx_word' id='word_1_364' title='bbox 1143 2003 1175 2034; x_wconf 91' lang='lat' dir='ltr'><strong>Si</strong></span> <span class='ocrx_word' id='word_1_365' title='bbox 1195 2004 1343 2034; x_wconf 80' lang='lat' dir='ltr'><strong>Matrimo-</strong></span> 
     </span>
     <span class='ocr_line' id='line_1_80' title="bbox 729 2045 1345 2087; baseline 0.003 -11"><span class='ocrx_word' id='word_1_366' title='bbox 729 2046 812 2076; x_wconf 89' lang='lat' dir='ltr'><strong>nium</strong></span> <span class='ocrx_word' id='word_1_367' title='bbox 832 2048 850 2077; x_wconf 68' lang='grc' dir='ltr'><strong>ὲ</strong></span> <span class='ocrx_word' id='word_1_368' title='bbox 872 2052 956 2087; x_wconf 83' lang='lat' dir='ltr'><strong>parte</strong></span> <span class='ocrx_word' id='word_1_369' title='bbox 981 2048 1024 2078; x_wconf 86' lang='lat' dir='ltr'><strong>rei</strong></span> <span class='ocrx_word' id='word_1_370' title='bbox 1043 2049 1082 2079; x_wconf 85' lang='lat' dir='ltr'><strong>sit</strong></span> <span class='ocrx_word' id='word_1_371' title='bbox 1104 2047 1239 2078; x_wconf 83' lang='lat' dir='ltr'><strong>nullum:</strong></span> <span class='ocrx_word' id='word_1_372' title='bbox 1264 2045 1345 2087; x_wconf 80' lang='lat' dir='ltr'><strong>quod</strong></span> 
     </span>
     <span class='ocr_line' id='line_1_81' title="bbox 730 2092 1344 2132; baseline 0.003 -12"><span class='ocrx_word' id='word_1_373' title='bbox 730 2094 828 2121; x_wconf 88' lang='lat' dir='ltr'><strong>tamen</strong></span> <span class='ocrx_word' id='word_1_374' title='bbox 850 2092 875 2121; x_wconf 85' lang='lat' dir='ltr'><strong>si</strong></span> <span class='ocrx_word' id='word_1_375' title='bbox 897 2095 1021 2132; x_wconf 85' lang='lat' dir='ltr'><strong>uterque</strong></span> <span class='ocrx_word' id='word_1_376' title='bbox 1039 2092 1171 2132; x_wconf 83' lang='lat' dir='ltr'><strong>ignorat,</strong></span> <span class='ocrx_word' id='word_1_377' title='bbox 1195 2100 1253 2122; x_wconf 91' lang='lat' dir='ltr'><strong>non</strong></span> <span class='ocrx_word' id='word_1_378' title='bbox 1271 2099 1344 2131; x_wconf 83' lang='lat' dir='ltr'><strong>pec-</strong></span> 
     </span>
     <span class='ocr_line' id='line_1_82' title="bbox 728 2134 1340 2175; baseline 0.002 -10"><span class='ocrx_word' id='word_1_379' title='bbox 728 2139 776 2165; x_wconf 87' lang='lat' dir='ltr'><strong>cat</strong></span> <span class='ocrx_word' id='word_1_380' title='bbox 795 2135 850 2165; x_wconf 88' lang='lat' dir='ltr'><strong>nisi</strong></span> <span class='ocrx_word' id='word_1_381' title='bbox 876 2135 1074 2166; x_wconf 86' lang='lat' dir='ltr'><strong>materialiter.</strong></span> <span class='ocrx_word' id='word_1_382' title='bbox 1093 2135 1125 2166; x_wconf 88' lang='lat' dir='ltr'><strong>Si</strong></span> <span class='ocrx_word' id='word_1_383' title='bbox 1139 2140 1279 2175; x_wconf 87' lang='lat' dir='ltr'><strong>uterque,</strong></span> <span class='ocrx_word' id='word_1_384' title='bbox 1296 2134 1340 2166; x_wconf 83' lang='lat' dir='ltr'><strong>vet</strong></span> 
     </span>
     <span class='ocr_line' id='line_1_83' title="bbox 728 2179 1343 2220; baseline 0 -11"><span class='ocrx_word' id='word_1_385' title='bbox 728 2179 802 2211; x_wconf 79' lang='lat' dir='ltr'><strong>alter</strong></span> <span class='ocrx_word' id='word_1_386' title='bbox 823 2179 852 2209; x_wconf 84' lang='lat' dir='ltr'><strong>id</strong></span> <span class='ocrx_word' id='word_1_387' title='bbox 866 2183 948 2209; x_wconf 77' lang='lat' dir='ltr'><strong>certo</strong></span> <span class='ocrx_word' id='word_1_388' title='bbox 964 2180 1051 2217; x_wconf 82' lang='lat' dir='ltr'><strong>sciat,</strong></span> <span class='ocrx_word' id='word_1_389' title='bbox 1067 2187 1125 2210; x_wconf 88' lang='lat' dir='ltr'><strong>non</strong></span> <span class='ocrx_word' id='word_1_390' title='bbox 1136 2183 1245 2220; x_wconf 63' lang='lat' dir='ltr'><strong>potest,</strong></span> <span class='ocrx_word' id='word_1_391' title='bbox 1268 2188 1343 2219; x_wconf 89' lang='lat' dir='ltr'><strong>quo-</strong></span> 
     </span>
     <span class='ocr_line' id='line_1_84' title="bbox 728 2222 1342 2264; baseline 0 -10"><span class='ocrx_word' id='word_1_392' title='bbox 728 2233 856 2263; x_wconf 84' lang='lat' dir='ltr'><strong>cumque</strong></span> <span class='ocrx_word' id='word_1_393' title='bbox 869 2224 958 2253; x_wconf 81' lang='lat' dir='ltr'><strong>etiam</strong></span> <span class='ocrx_word' id='word_1_394' title='bbox 972 2222 1100 2263; x_wconf 83' lang='lat' dir='ltr'><strong>periculo</strong></span> <span class='ocrx_word' id='word_1_395' title='bbox 1121 2223 1282 2264; x_wconf 84' lang='lat' dir='ltr'><strong>proposito,</strong></span> <span class='ocrx_word' id='word_1_396' title='bbox 1299 2224 1342 2254; x_wconf 88' lang='lat' dir='ltr'><strong>uti</strong></span> 
     </span>
     <span class='ocr_line' id='line_1_85' title="bbox 728 2266 1343 2307; baseline -0.002 -9"><span class='ocrx_word' id='word_1_397' title='bbox 728 2268 917 2298; x_wconf 75' lang='lat' dir='ltr'><strong>Matrimonio.</strong></span> <span class='ocrx_word' id='word_1_398' title='bbox 939 2266 1036 2305; x_wconf 74' lang='lat' dir='ltr'><strong>Unde,</strong></span> <span class='ocrx_word' id='word_1_399' title='bbox 1055 2267 1079 2297; x_wconf 84' lang='lat' dir='ltr'><strong>si</strong></span> <span class='ocrx_word' id='word_1_400' title='bbox 1093 2276 1152 2298; x_wconf 86' lang='lat' dir='ltr'><strong>non</strong></span> <span class='ocrx_word' id='word_1_401' title='bbox 1165 2271 1261 2307; x_wconf 76' lang='lat' dir='ltr'><strong>potest</strong></span> <span class='ocrx_word' id='word_1_402' title='bbox 1278 2267 1343 2298; x_wconf 82' lang='lat' dir='ltr'><strong>sine</strong></span> 
     </span>
     <span class='ocr_line' id='line_1_86' title="bbox 727 2310 1343 2353; baseline 0 -11"><span class='ocrx_word' id='word_1_403' title='bbox 727 2311 858 2353; x_wconf 88' lang='lat' dir='ltr'><strong>periculo</strong></span> <span class='ocrx_word' id='word_1_404' title='bbox 878 2312 948 2342; x_wconf 84' lang='lat' dir='ltr'><strong>vitae</strong></span> <span class='ocrx_word' id='word_1_405' title='bbox 959 2316 1011 2342; x_wconf 87' lang='lat' dir='ltr'><strong>aut</strong></span> <span class='ocrx_word' id='word_1_406' title='bbox 1028 2312 1115 2342; x_wconf 78' lang='lat' dir='ltr'><strong>satnoe</strong></span> <span class='ocrx_word' id='word_1_407' title='bbox 1132 2310 1269 2351; x_wconf 85' lang='lat' dir='ltr'><strong>detegere</strong></span> <span class='ocrx_word' id='word_1_408' title='bbox 1282 2312 1343 2342; x_wconf 89' lang='lat' dir='ltr'><strong>im·</strong></span> 
     </span>
     <span class='ocr_line' id='line_1_87' title="bbox 726 2355 1342 2397; baseline 0.003 -12"><span class='ocrx_word' id='word_1_409' title='bbox 726 2355 947 2396; x_wconf 84' lang='lat' dir='ltr'><strong>pedimentum,</strong></span> <span class='ocrx_word' id='word_1_410' title='bbox 967 2365 1023 2387; x_wconf 87' lang='lat' dir='ltr'><strong>nec</strong></span> <span class='ocrx_word' id='word_1_411' title='bbox 1041 2365 1161 2397; x_wconf 86' lang='lat' dir='ltr'><strong>sperare</strong></span> <span class='ocrx_word' id='word_1_412' title='bbox 1184 2355 1342 2396; x_wconf 83' lang='lat' dir='ltr'><strong>dispensa-</strong></span> 
     </span>
    </p>
   </div>
   <div class='ocr_carea' id='block_1_9' title="bbox 725 2400 1339 2441">
    <p class='ocr_par' dir='ltr' id='par_1_11' title="bbox 725 2400 1339 2441">
     <span class='ocr_line' id='line_1_88' title="bbox 725 2400 1339 2441; baseline -0.002 -9"><span class='ocrx_word' id='word_1_413' title='bbox 725 2401 833 2432; x_wconf 84' lang='lat' dir='ltr'><strong>tionem</strong></span> <span class='ocrx_word' id='word_1_414' title='bbox 848 2425 856 2440; x_wconf 85' lang='lat'><strong>,</strong></span> <span class='ocrx_word' id='word_1_415' title='bbox 884 2400 972 2432; x_wconf 85' lang='lat' dir='ltr'><strong>debet</strong></span> <span class='ocrx_word' id='word_1_416' title='bbox 998 2400 1045 2432; x_wconf 86' lang='lat' dir='ltr'><strong>vel</strong></span> <span class='ocrx_word' id='word_1_417' title='bbox 1070 2400 1185 2440; x_wconf 82' lang='lat' dir='ltr'><strong>ingredi</strong></span> <span class='ocrx_word' id='word_1_418' title='bbox 1211 2400 1339 2441; x_wconf 81' lang='lat' dir='ltr'><strong>Religio-</strong></span> 
     </span>
    </p>
   </div>
   <div class='ocr_carea' id='block_1_10' title="bbox 209 2444 1345 2531">
    <p class='ocr_par' dir='ltr' id='par_1_12' title="bbox 209 2444 1345 2531">
     <span class='ocr_line' id='line_1_89' title="bbox 209 2444 1340 2485; baseline 0.004 -12"><span class='ocrx_word' id='word_1_419' title='bbox 209 2452 234 2473; x_wconf 86' lang='lat' dir='ltr'><strong>m</strong></span> <span class='ocrx_word' id='word_1_420' title='bbox 259 2444 469 2476; x_wconf 86' lang='lat' dir='ltr'><strong>conciliandam</strong></span> <span class='ocrx_word' id='word_1_421' title='bbox 490 2450 521 2476; x_wconf 86' lang='lat' dir='ltr'><strong>et</strong></span> <span class='ocrx_word' id='word_1_422' title='bbox 540 2444 672 2476; x_wconf 73' lang='lat' dir='ltr'><strong>similia?</strong></span> <span class='ocrx_word' id='word_1_423' title='bbox 723 2454 791 2476; x_wconf 86' lang='lat' dir='ltr'><strong>nem</strong></span> <span class='ocrx_word' id='word_1_424' title='bbox 805 2470 813 2485; x_wconf 89' lang='lat'><strong>,</strong></span> <span class='ocrx_word' id='word_1_425' title='bbox 835 2445 861 2477; x_wconf 82' lang='lat' dir='ltr'><strong>si</strong></span> <span class='ocrx_word' id='word_1_426' title='bbox 884 2445 1010 2477; x_wconf 80' lang='lat' dir='ltr'><strong>necdum</strong></span> <span class='ocrx_word' id='word_1_427' title='bbox 1035 2446 1266 2485; x_wconf 81' lang='lat' dir='ltr'><strong>consummavit,</strong></span> <span class='ocrx_word' id='word_1_428' title='bbox 1291 2446 1340 2478; x_wconf 89' lang='lat' dir='ltr'><strong>vel</strong></span> 
     </span>
     <span class='ocr_line' id='line_1_90' title="bbox 209 2487 1345 2531; baseline 0.003 -11"><span class='ocrx_word' id='word_1_429' title='bbox 209 2487 429 2528; x_wconf 67' lang='lat' dir='ltr'><strong>rinmaencentia</strong></span> <span class='ocrx_word' id='word_1_430' title='bbox 437 2488 672 2531; x_wconf 73' lang='lat' dir='ltr'><strong>affirmt,modo</strong></span> <span class='ocrx_word' id='word_1_431' title='bbox 722 2490 838 2531; x_wconf 82' lang='lat' dir='ltr'><strong>sugere,</strong></span> <span class='ocrx_word' id='word_1_432' title='bbox 853 2490 898 2522; x_wconf 81' lang='lat' dir='ltr'><strong>vel</strong></span> <span class='ocrx_word' id='word_1_433' title='bbox 908 2495 1011 2531; x_wconf 78' lang='lat' dir='ltr'><strong>petere</strong></span> <span class='ocrx_word' id='word_1_434' title='bbox 1023 2489 1197 2529; x_wconf 74' lang='lat' dir='ltr'><strong>divortium,</strong></span> <span class='ocrx_word' id='word_1_435' title='bbox 1213 2488 1253 2520; x_wconf 85' lang='lat' dir='ltr'><strong>ob</strong></span> <span class='ocrx_word' id='word_1_436' title='bbox 1264 2499 1345 2523; x_wconf 78' lang='lat' dir='ltr'><strong>con-</strong></span> 
     </span>
    </p>
   </div>
  </div>
 </body>
</html>
