1617 2892
651 135 688 157 m:
712 134 907 159 nATnluONlo.

155 204 231 235 agere
250 206 304 228 non
324 200 439 228 careret
457 197 538 238 gravi
557 197 649 238 culpa.
668 198 750 228 Unde

94 269 99 273 .
158 241 265 272 infertur
279 242 360 282 quud
373 242 504 273 Ecclesia
518 245 669 283 nunquam
681 252 753 283 per-

161 285 270 318 mitteret
295 286 510 318 reconvalidari
536 287 752 318 Matrimonium

162 330 211 361 n‘ne
220 331 381 363 assistentia
395 331 516 362 Parocbi
531 331 631 371 (quod
644 332 753 371 passim

163 377 240 407 umen
251 374 390 415 admittit)
403 399 412 413 ,
436 375 589 406 tolerando
599 375 677 415 quod
688 375 753 405 Ma-

116 448 119 451 .
163 418 309 452 stimonium
326 419 498 461 persisteret
520 421 660 459 tanquam
678 428 753 449 con-

162 466 253 495 taetus
262 489 271 504 ,
281 468 312 495 et
326 472 386 494 non
398 464 624 494 Sacramentum
637 487 644 500 ,
656 463 681 494 si
696 471 754 492 non

160 506 263 539 haberet
286 517 341 549 pro
365 512 447 538 certo
472 507 551 548 quod
572 508 671 548 sponsi
695 506 754 537 sint

160 553 393 584 veriSacramenti
408 553 544 583 ministri.
554 568 594 575 —
605 551 672 581 899.

191 597 335 635 Quoeritur
369 596 400 626 ⁴⁰
433 597 554 636 quinam
592 595 754 635 requiritur

158 647 301 672 muscosus
312 641 342 671 in
356 640 599 672 contrahentibus
609 640 623 669 ⁶1

189 685 217 716 lt
246 701 289 709 —
322 685 492 725 Requiriiur
526 693 686 715 consensus
718 683 756 715 de

159 731 279 769 presenti
289 754 299 768 ‚
311 729 418 768 verbo,
431 730 541 771 scripto
552 754 560 769 ,
575 733 627 760 aut
636 728 757 760 nutibus

159 781 310 815 expressus.
331 773 446 805 Sufficit
468 777 566 804 tamen
588 773 756 813 exprimere

159 824 202 858 per
217 818 327 857 alium,
355 822 389 849 ut
411 818 436 849 si
458 822 597 858 parentes
613 827 668 858 pro
690 816 757 847 filiis

159 863 331 902 manabant,
342 862 389 893 his
402 862 576 893 tacentibus.
589 878 627 884 —
639 861 708 892 887.

190 907 264 937 Nota.
279 906 312 937 ld
326 905 406 947 quod
422 906 534 937 dictum
546 910 592 937 est
603 906 641 937 de
663 915 756 946 spon-

160 949 254 982 atibus
267 950 394 982 filiorum
405 975 414 991 ,
428 951 580 992 quaeipsis
593 950 758 982 tacentibus

160 993 175 1024 ὃ
201 994 369 1036 parentibus
401 995 616 1025 contrahuntur
637 1019 644 1032 ,
678 995 755 1026 idem

161 1035 252 1071 dicitur
276 1040 315 1071 de
341 1041 472 1080 ipsorum
503 1040 684 1071 Matrimonio
707 1040 756 1070 tali

160 1082 322 1115 modoinito.
334 1084 407 1115 Vide
420 1094 459 1116 ex
473 1093 502 1115 n.
517 1085 586 1115 838.

193 1127 339 1166 Qumilur
366 1129 399 1159 2⁰
425 1137 464 1158 an
492 1129 582 1159 teba
613 1130 672 1161 sint
698 1138 756 1161 ne-

159 1173 272 1248 ῗαῗτία
302 1171 343 1202 ad
376 1180 551 1203 consensum
585 1175 758 1214 exprimen-

190 1262 219 1293 Β.
228 1276 269 1286 -
281 1262 402 1293 Certum
417 1267 462 1294 est
479 1262 558 1303 apud
569 1271 672 1294 omnes
683 1271 757 1293 ver—

158 1300 190 1336 h
215 1314 274 1338 non
303 1315 369 1337 esso
396 1308 561 1337 necessaria
594 1307 633 1337 ad
663 1306 758 1336 valide

158 1349 378 1382 enon-aheneum
407 1350 646 1388 Matrimonium3
676 1355 758 1381 atta-

157 1399 215 1427 neu
235 1394 286 1426 alii
306 1394 410 1425 dicunt
426 1403 491 1425 esse
516 1396 679 1426 necessaria
700 1404 758 1426 ne-

157 1440 281 1472 uitato
302 1439 444 1481 praeccpti
466 1449 474 1478 ;
502 1438 555 1471 sed
575 1439 760 1480 probabilitas

157 1488 194 1516 et
206 1485 292 1525 juxta
311 1484 384 1515 alios
401 1483 492 1515 verba
509 1486 625 1515 tantum
649 1485 759 1525 requiri

157 1529 297 1572 ubcutpa
310 1528 415 1560 veniali
427 1538 435 1566 ;
457 1529 524 1569 quia
539 1528 611 1560 alias
622 1534 760 1569 ageretur

157 1576 246 1605 eunti-a
266 1572 511 1604 consuetudinem
532 1573 679 1605 Ecclesiae.
701 1573 760 1605 Sed

157 1616 171 1648 ἢ
184 1617 231 1649 tali
249 1617 336 1658 culpa
354 1617 429 1648 bene
439 1622 596 1648 excusaret
611 1627 760 1649 verecun-

157 1659 213 1702 dia,
244 1666 279 1693 ut
308 1661 366 1691 alia
398 1661 580 1693 rationabilis
599 1670 697 1692 causa.
719 1679 759 1685 —

186 1752 266 1784 Nola.
300 1752 422 1783 Certum
454 1756 499 1784 est
528 1752 607 1792 quod
640 1752 758 1783 donatio

152 1796 246 1829 muli
257 1797 302 1828 vel
315 1798 460 1827 traductio
472 1806 589 1837 sponsae
600 1798 628 1827 in
640 1797 760 1827 domum

151 1842 245 1883 quusi
257 1841 296 1872 de
309 1851 342 1873 se
352 1850 410 1872 non
420 1842 482 1872 sint
491 1842 573 1881 sigua
585 1842 759 1872 sufficientia

148 1885 428 1918 adeunti-abendam
438 1886 655 1916 Matrimonium
672 1909 679 1923 ‚
705 1885 760 1916 nisi

148 1929 212 1962 linc
240 1939 281 1961 ex
309 1929 521 1961 consuetudine
548 1929 602 1960 loci
634 1929 762 1960 babeant

145 1982 320 2007 eonsensum
354 1974 530 2014 significare.
551 1990 591 1997 —-
610 1974 765 2005 Sufficiens

145 2022 216 2051 *πὸ
241 2023 289 2050 cst
307 2019 425 2059 signum
446 2020 471 2050 si
492 2020 556 2050 viro
584 2019 761 2059 exprimenti

142 2071 322 2096 eonsensum
331 2086 341 2102 ,
352 2064 459 2095 femina
483 2073 604 2095 manum
623 2064 761 2104 porrigat.

141 2106 203 2140 Sed
213 2107 316 2139 ver-iias
326 2115 385 2138 non
398 2108 522 2145 suflicit,
534 2108 559 2138 si
570 2116 690 2138 inanum
702 2117 760 2138 non

143 2151 282 2184 retrahat
298 2153 318 2183 a
338 2152 402 2182 viro
425 2160 546 2183 manum
570 2153 737 2192 porrigi-nte
752 2177 760 2191 ,

140 2194 320 2269 &bsegq‘m
329 2203 382 2227 oro
393 2196 563 2235 exprimere
576 2204 759 2228 consensum.

141 2254 187 2266 ‘¹'
260 2260 271 2279 ι

1348 129 1414 164 027

848 197 998 235 Quarfsm·
1010 196 1047 227 '3⁰
1068 206 1104 227 an
1120 196 1245 228 sufficiat
1258 205 1418 229 consensus

806 242 1020 273 conditionatus
1032 243 1046 271 ἱ)

848 288 879 317 Π.
896 303 937 310 -
948 287 980 317 ⁴⁰
1002 286 1116 318 Sufficit
1130 287 1345 319 conditionatus
1361 287 1419 319 sub

806 330 971 362 conditione
983 330 1021 362 de
1036 332 1187 372 praeterito
1197 355 1205 369 ,
1230 331 1275 361 vel
1286 330 1324 361 de
1334 340 1419 372 prm-

807 376 902 415 senti‚
930 378 1026 407 stante
1050 374 1236 411 conditione:
1258 375 1327 415 quia
1348 379 1419 407 tunc

806 424 975 450 contractus
1009 427 1067 450 non
1106 418 1306 460 suspenditur.
1326 435 1367 442 —
1385 420 1419 450 2⁰

806 463 922 494 Sufficit
941 463 998 494 sub
1014 462 1178 494 conditione
1203 463 1365 494 necessaria
1381 462 1419 494 do

808 508 922 546 futuro,
950 507 1110 538 dummodo
1130 506 1337 538 contrahentes
1360 515 1419 538 non

808 552 958 583 intendant
981 551 1160 593 suspendere
1181 552 1325 592 tantisper
1344 560 1420 582 con-

808 606 937 628 sensum.
962 596 1035 627 Item
1052 596 1090 627 de
1109 597 1209 627 futuro
1227 595 1417 636 impossibili;

810 641 901 679 Ratio,
916 641 985 681 quia
1000 641 1072 672 tales
1080 640 1260 672 conditiones
1273 639 1420 671 habentur

809 694 864 726 pro
888 694 948 716 non
970 685 1099 725 adjectis.
1114 702 1154 708 -
1174 686 1206 716 3⁰
1229 684 1293 716 Non
1313 684 1421 716 sufficit

809 730 867 761 sub
892 729 1055 760 conditione
1075 729 1113 760 de
1133 730 1233 760 futuro
1244 752 1252 766 ,
1283 737 1351 769 quae
1381 728 1421 760 sit

808 776 911 806 eontra
933 775 1127 806 substantiam
1151 773 1335 814 obligationis
1357 774 1421 804 Ma-

809 820 996 856 trimonialis,
1017 829 1044 850 v.
1062 829 1090 859 g.
1107 820 1133 851 si
1148 819 1240 860 prolis
1254 819 1422 859 generatio-

809 873 878 895 nem
889 864 1033 904 impedire
1043 864 1130 898 velis.
1144 868 1200 895 eto.
1212 878 1252 886 —
1266 863 1333 894 890.

850 908 1003 946 Quoeriiur
1026 910 1056 938 4⁰
1080 906 1152 947 quid
1176 906 1334 938 dicendum
1352 907 1421 938 cum

809 953 1024 984 Matrimonium
1044 951 1211 983 celebratur
1234 951 1292 983 sub
1318 951 1421 983 condi-

811 998 901 1036 tione,
913 997 940 1028 si
947 1001 1033 1036 pater
1043 1005 1125 1027 meus
1137 996 1333 1027 consenserit?

850 1042 883 1072 Β.
901 1057 935 1064 -
955 1041 985 1072 Si
1003 1040 1129 1071 conditio
1147 1041 1186 1071 sit
1203 1039 1242 1071 de
1261 1040 1419 1081 proesenti‚

810 1086 856 1117 vel
870 1085 908 1117 de
922 1086 1086 1127 praeterito,
1100 1089 1197 1117 stante
1210 1093 1354 1117 consensu
1367 1092 1424 1125 pa-

810 1130 866 1161 tris
876 1131 953 1169 ‚jam
965 1130 1041 1161 valet
1053 1129 1269 1161 Matrimonium
1283 1153 1292 1167 ‚
1306 1128 1422 1160 etiamsi

809 1175 1015 1206 contrahentes
1036 1174 1117 1205 illum
1136 1175 1279 1213 ignorent.
1300 1171 1425 1209 Quando

810 1222 882 1250 vero
894 1219 1020 1250 conditio
1033 1223 1079 1250 est
1092 1219 1129 1250 de
1143 1220 1244 1250 futuro
1253 1241 1260 1254 ,
1272 1221 1343 1249 tunc
1352 1226 1424 1248 om-

811 1264 880 1295 nino
893 1263 1082 1305 suspenditur
1101 1263 1318 1295 Matrimonium
1329 1262 1425 1303 usque

810 1307 849 1338 ad
876 1313 1013 1339 eventum
1038 1307 1217 1339 conditionis.
1246 1306 1316 1338 llaee
1342 1310 1425 1338 certa

811 1357 882 1383 sunt
890 1352 970 1393 apud
983 1362 1093 1384 omnes.

854 1397 1006 1435 Quoerilur
1021 1398 1052 1427 5⁰
1065 1396 1138 1437 quid
1151 1395 1309 1428 dicendum
1322 1396 1347 1428 si
1362 1404 1422 1437 pa-

813 1446 859 1473 ter
870 1447 964 1473 taceat
976 1442 992 1472 ⁶?

852 1488 885 1518 R.
906 1487 1034 1518 —Tunc
1043 1487 1202 1528 pensandm
1214 1490 1285 1518 sunt
1296 1486 1424 1518 circum·

813 1532 929 1563 stantiae
942 1541 950 1570 ;
973 1541 1041 1562 nam
1053 1556 1060 1568 ,
1072 1533 1097 1562 si
1119 1533 1286 1571 conjectura
1301 1530 1341 1561 sit
1358 1529 1426 1562 talis

813 1575 890 1616 quod
903 1581 985 1616 pater
996 1579 1090 1606 taceat
1103 1576 1172 1615 quia
1184 1574 1320 1606 dissentit
1330 1598 1339 1613 ,
1353 1577 1425 1606 tuno

813 1620 996 1650 taciturnitas
1006 1619 1140 1650 habenda
1151 1623 1197 1650 est
1209 1628 1265 1660 pro
1273 1619 1424 1657 dissensu3

813 1666 912 1702 secus,
934 1665 959 1694 si
971 1665 1137 1703 coniectura
1152 1664 1192 1695 sit
1205 1663 1284 1704 quod
1295 1663 1360 1695 ideo
1373 1667 1425 1694 ta-

813 1712 878 1738 ceat
893 1709 962 1748 quia
977 1708 1033 1739 sibi
1044 1708 1145 1750 placet.
1161 1709 1239 1739 Bene
1250 1712 1350 1739 autem
1365 1706 1425 1738 ad-

814 1752 901 1783 vertit
925 1752 1012 1783 R-mc.
1039 1752 1118 1792 quod
1146 1751 1266 1782 Parochi
1286 1753 1349 1782 sino
1369 1760 1426 1782 ur-

813 1797 982 1837 gentissiun‘t
998 1798 1085 1828 causa
1106 1798 1257 1837 nunquam
1270 1796 1426 1827 admittere

813 1841 922 1872 debent
953 1843 1016 1872 lunc
1040 1841 1222 1872 Matrimonia
1242 1839 1427 1871 conditiona-

815 1886 851 1916 lia
862 1910 870 1924 ‚
885 1890 1005 1926 propter
1016 1884 1100 1925 plut-u
1116 1884 1345 1915 inconvenientia
1357 1892 1427 1924 qum

814 1930 920 1961 deinde
939 1939 1095 1960 occurrero
1115 1932 1238 1969 possunt
1259 1929 1358 1958 contra
1378 1929 1428 1969 ip-

815 1984 914 2007 sorum
926 1974 1111 2005 validitatem.
1126 1989 1166 1996 ——
1176 1973 1246 2003 892.

857 2020 1008 2056 (mcvixtur
1025 2019 1056 2048 6¹·
1073 2027 1110 2048 an
1130 2016 1249 2057 imple-tii
1262 2016 1428 2048 conditione

817 2064 847 2094 in
858 2064 922 2093 Mati
932 2063 1054 2101 imonio,
1071 2063 1239 2103 requiratur
1249 2070 1345 2092 novus
1354 2070 1429 2093 con-

817 2117 922 2139 sensus
932 2108 947 2137 i

857 2153 889 2183 R.
904 2168 945 2176 —
961 2151 1065 2183 Prima
1077 2151 1217 2183 sententia
1229 2150 1368 2193 affirmat.
1388 2167 1431 2175 —

814 2197 858 2227 31¹:
868 2207 884 2227 a
891 2207 904 2227 ⁷:
910 2196 946 2227 da
952 2198 1022 2226 vari)
1028 2200 1120 2235 negat.
1128 2196 1171 2226 Ut:
1180 2195 1432 2236 aqueprobabt‘lis;

814 2240 868 2272 sed
885 2241 950 2271 liaec
968 2249 1098 2272 secuuua
1113 2248 1229 2271 tuetur
1236 2239 1426 2280 probabilior.
