1617 2892
585 406 624 432 DE
646 407 847 433 nrmuomo.

225 470 370 502 castitatis
398 469 554 509 absoluto,
580 471 689 502 emisso

209 515 390 554 lrimonium,
404 515 472 547 vide
484 516 578 547 noct.
588 514 624 546 de
635 516 687 546 Se-

209 563 338 598 roeoept,
353 568 383 590 n.
405 560 473 591 260.
487 576 528 583 -·
541 561 574 590 2⁶
592 560 690 591 Potest

209 613 233 635 is
240 603 415 644 dispensare
422 614 515 645 super
525 609 592 635 voto
602 605 689 635 easti-

209 648 367 688 onjugibus
388 653 455 690 post
472 650 689 680 Matrimonium

217 693 316 729 Ratio,
335 694 405 733 quia
429 697 531 724 votum
552 693 608 724 hoc
631 702 690 723 non

211 737 320 768 imodae
348 738 511 776 castilatis,
535 739 604 768 cum
631 746 690 768 nc-

209 782 316 822 bligare
341 781 381 813 ad
416 792 475 813 nen
504 781 690 813 reddendum

209 850 218 864 ,
233 826 290 857 nisi
303 827 457 857 emittatur
470 828 539 857 ante
552 835 690 857 consum-

209 878 249 907 η,
279 879 348 901 cum
376 871 476 901 animo
506 870 689 910 ingrediendi

209 923 258 945 im.
278 930 321 937 —
333 914 462 946 Censent
481 919 581 945 autem
596 915 687 945 Salm.

209 959 333 990 icarium
354 958 528 990 Generalem
551 960 689 1000 Episcopi

209 1013 340 1044 mensure
363 1005 394 1035 in
414 1003 583 1043 hujusmodi
604 1008 686 1043 voto,

209 1047 326 1079 essione
350 1048 480 1088 generali
511 1057 602 1088 quam
624 1049 688 1089 ipse

209 1091 223 1122 1
250 1101 354 1123 omnes
377 1101 465 1124 casus
489 1093 686 1134 Episcopales

209 1145 298 1168 amen
315 1138 459 1169 castitatis
474 1139 632 1178 coniugum
650 1138 688 1169 de

209 1190 341 1213 onsensu
359 1183 483 1222 emisso,
504 1182 584 1214 solus
610 1183 687 1223 Papa

209 1235 240 1256 re
259 1225 345 1257 valet.
359 1244 399 1250 —
413 1227 482 1257 986.

209 1271 265 1302 'tur
289 1271 320 1301 ι’*
346 1280 385 1302 an
409 1272 502 1312 possit
525 1272 687 1313 Episcopus

209 1325 240 1346 re
264 1317 296 1347 iu
320 1321 387 1347 volo
412 1318 555 1348 castitatis
579 1319 686 1348 emisso

208 1360 382 1400 timonium,
402 1360 441 1391 ad
455 1361 615 1402 petendum
629 1361 685 1393 de-

226 1451 340 1492 Neyant
358 1453 433 1484 Less.
445 1476 453 1489 ‚
476 1453 540 1492 Caj.
552 1476 560 1488 ,
584 1453 663 1494 Sylv.
677 1476 685 1490 ,

232 1495 311 1527 adsit
323 1498 498 1533 necessitas,
517 1499 587 1538 puta
603 1498 685 1538 peri-

210 1541 407 1572 continentiae.
422 1557 463 1564 ——
476 1541 535 1572 Sed
552 1550 685 1572 cummu-

214 1584 304 1615 valda
326 1585 511 1625 probabilius
535 1585 686 1626 affirmant

209 1628 228 1658 3.
240 1629 374 1659 Antonin.
383 1653 391 1666 ,
402 1630 482 1667 sno,
497 1633 570 1667 etc.,·
588 1631 683 1668 Balio,

215 1671 265 1704 tex
275 1674 507 1704 reservationum
518 1675 603 1705 estin
614 1675 685 1705 oedi-

209 1725 246 1754 ιη
258 1721 337 1748 esset
350 1722 451 1748 aulem
465 1719 495 1748 in
506 1717 683 1750 destructio-

210 1761 343 1792 Pontifex
358 1761 445 1792 vellet
458 1762 515 1792 sibi
531 1771 684 1794 reservare

209 1806 424 1845 spensationem
441 1815 509 1836 cum
530 1811 611 1838 tanto
632 1817 683 1848 pe-

209 1849 253 1880 lod
266 1852 463 1882 communiter
479 1851 564 1883 adest
579 1863 585 1882 z
601 1854 681 1892 tum,

209 1904 224 1925 e
247 1894 371 1926 facultas
394 1895 583 1936 dispensandi
606 1906 683 1928 con-

209 1938 355 1979 Episcopis
381 1949 419 1970 ex
450 1941 661 1973 consuetudine
671 1966 680 1981 ‚

209 1983 379 2014 sdictionem
394 1983 519 2024 praebet.

209 2031 261 2058 tur
275 2029 307 2058 5·
322 2036 361 2059 an
376 2029 406 2059 in
421 2029 476 2059 hoc
489 2033 556 2060 voto
569 2030 683 2070 possint

209 2081 236 2103 re
256 2072 432 2105 confessarii
456 2073 682 2106 mendicantes?

213 2118 415 2150 communiter
433 2119 585 2159 affirmant
597 2119 660 2150 Pal.
671 2144 680 2159 ‚

209 2171 240 2192 oc
255 2163 364 2193 virtute
378 2163 596 2203 privilegiorum
611 2164 681 2205 plu·

227 2207 415 2246 Pontificum,
436 2212 468 2239 et
487 2209 637 2248 signanter
650 2210 678 2240 vi

217 2252 247 2281 S.
262 2251 309 2281 Pii
324 2253 354 2287 V,
364 2253 439 2283 vivae
459 2254 537 2284 iocis
550 2254 677 2286 oraculo.

209 2295 336 2335 :Sanam
350 2304 412 2334 etc„
426 2297 587 2329 admittunt
596 2301 679 2339 pari-

211 2344 241 2370 to
253 2341 360 2371 emisso
374 2345 440 2381 post
451 2342 678 2375 Matrimonium.

209 2388 255 2415 tur
267 2385 300 2414 ὃ·
308 2393 346 2416 an
360 2385 538 2427 Episcopus,
555 2392 679 2428 urgente

209 2433 252 2468 le,
276 2433 308 2461 et
333 2430 466 2470 periculo
491 2432 680 2463 incontinen—

209 2473 244 2504 sit
260 2473 433 2515 dispensare
453 2476 485 2507 in
506 2480 574 2507 voto
586 2477 677 2508 casti-

209 2518 409 2552 iatrimonium
420 2521 676 2553 contrahendum?

1294 401 1363 436 069

784 471 817 502 R.
827 487 872 495 -
887 466 1086 513 Affimwtivil:
1098 470 1182 511 vide,
1193 482 1226 505 n.
1238 471 1311 504 258.
1319 488 1364 497 --

742 515 906 555 Caeterum,
920 518 990 547 ante
1008 517 1226 549 Matrimonium
1238 517 1362 559 Episco-

743 569 816 600 pus,
829 565 954 601 excepto
967 565 1035 592 voto
1051 562 1212 601 castitatis,
1227 565 1258 593 et
1268 570 1363 603 spon-

743 604 856 636 salibus
888 614 958 636 cum
994 605 1088 636 altero
1122 606 1204 636 initis
1217 630 1225 644 ,
1265 609 1363 646 potest

743 650 882 680 universe
902 650 934 680 in
946 649 1013 681 aliis
1032 649 1251 691 impedimentis
1264 650 1364 691 impe-

746 692 897 724 dientibus
916 693 1101 734 dispensare.
1125 695 1203 726 sicut
1223 694 1312 724 etiam
1331 694 1364 725 in

742 737 1362 781 omnibusMatrimoniosupervenientibus.

743 781 818 812 Vide
832 790 863 812 n.
879 782 967 812 ⁴⁴26.
982 799 1022 805 —
1035 782 1104 813 987.
1221 783 1224 786 ’

784 826 939 864 Qum-itur
958 826 991 857 7⁰
1011 836 1050 858 an
1074 831 1178 868 peccet
1198 826 1363 859 mortaliter

742 870 892 902 Parochus
931 870 957 901 si
991 871 1110 902 assistat
1145 872 1330 902 Matrimonio
1349 894 1361 911 ,

741 915 860 946 omissis
885 915 1176 955 denuntiationibus,
1203 917 1267 948 sine
1293 915 1361 948 dis-

741 960 912 999 pensatione
930 960 1081 1001 Episcopi,
1095 959 1216 1001 quando
1225 961 1288 1000 jam
1307 969 1361 1001 per

740 1003 922 1043 diligentiam
943 1009 1044 1036 certus
1064 1005 1160 1036 tactus
1179 1005 1269 1036 tuerit
1286 1003 1360 1037 nul-

740 1047 802 1078 lum
816 1048 938 1080 subesse
950 1048 1197 1090 imwdimentum
1206 1049 1224 1079 2

782 1093 982 1134 R.-Noqant
992 1094 1097 1133 Sotus,
1111 1093 1361 1126 etc—Sedenim

740 1137 914 1168 manissime
924 1141 955 1169 et
967 1138 1070 1170 veritis
1078 1138 1230 1180 affimant
1238 1138 1360 1177 δαιοΙι..

739 1184 793 1212 etc.
815 1182 914 1219 Ratio,
932 1182 1002 1222 qnia
1022 1188 1086 1214 esto
1106 1191 1161 1223 per
1177 1182 1359 1224 diligentiam

738 1224 887 1256 Pal-ochus
910 1225 1032 1267 impleat
1057 1227 1146 1258 finem
1176 1227 1358 1265 Tridentini,

738 1269 958 1310 transgreditur
984 1275 1082 1302 tamen
1109 1270 1270 1312 diligentia»
1295 1272 1360 1303 tor-

738 1322 838 1353 mam,
865 1323 955 1354 quam
980 1315 1141 1346 Concilium
1166 1316 1357 1356 praescribit,

738 1358 819 1398 quod
838 1361 906 1390 cum
921 1360 960 1390 sit
976 1360 1006 1391 in
1028 1369 1062 1391 re
1082 1360 1274 1400 gravissima,
1298 1370 1357 1392 non

737 1407 897 1434 excusatur
916 1405 934 1434 a
943 1404 1059 1435 mortali
1073 1429 1081 1443 ,
1093 1405 1150 1435 nisi
1159 1414 1270 1445 urgens
1279 1404 1358 1436 adsit

738 1449 898 1480 necessitas
918 1457 988 1489 quoe
1010 1458 1125 1480 moram
1152 1458 1213 1480 non
1234 1450 1355 1489 patitur.

737 1493 898 1532 Praeterea,
912 1492 1062 1534 diligentia
1072 1494 1195 1524 Parochi
1207 1503 1266 1525 non
1283 1495 1355 1526 satis

737 1537 856 1578 supplet
876 1537 1014 1569 effectum
1030 1537 1295 1569 denuntiationum.
1318 1538 1355 1569 Et

736 1582 917 1621 notandum,
940 1581 1020 1622 quod
1043 1581 1152 1614 dicitur
1172 1582 1211 1614 de
1233 1582 1354 1613 denun-

737 1626 907 1658 tiationibus
939 1625 1081 1658 faciendis
1106 1628 1176 1658 ante
1204 1627 1355 1658 Matrimo-

737 1671 833 1710 nium,
849 1671 928 1702 idem
948 1670 1106 1703 dicendum
1127 1671 1165 1703 de
1179 1671 1353 1712 obligatione

737 1723 788 1746 eas
808 1714 934 1746 faciendi
953 1719 1020 1757 post
1043 1716 1162 1757 nuptias
1188 1720 1354 1749 contractas

735 1761 804 1790 ante
830 1760 1122 1791 consummationem.
1146 1760 1274 1798 ἄνιθι,
1300 1764 1353 1792 ete.

782 1805 937 1843 Qum-itur
963 1804 996 1835 8·
1023 1813 1063 1836 an
1095 1806 1233 1846 omittere
1261 1814 1352 1838 uuam

735 1848 985 1880 denuntiationem
995 1849 1035 1880 sit
1045 1850 1168 1881 mortale
1174 1850 1191 1881 7

775 1894 808 1924 R.
836 1910 876 1917 -
896 1893 1213 1935 AffirmantPal.‚etc.
1234 1912 1276 1920 --
1293 1895 1353 1928 Sed

730 1938 925 1978 probabiliter
940 1943 1047 1980 negant
1058 1939 1162 1971 Sunch.
1173 1964 1182 1979 ‚
1196 1944 1248 1972 etc.
1256 1951 1269 1979 ,·
1282 1941 1352 1982 quia

735 1989 872 2024 respectu
896 1984 936 2015 ad
963 1989 1057 2016 totum
1084 1990 1268 2027 praeceptum
1292 1995 1352 2018 non

735 2029 853 2060 videtui·
864 2030 964 2070 gravis
975 2030 1107 2061 materia.
1118 2047 1158 2054 —-
1169 2031 1231 2061 lmo
1239 2054 1247 2068 ,
1259 2030 1351 2062 Salm-

734 2077 841 2114 putant
853 2083 912 2105 non
926 2083 992 2106 esse
1006 2074 1129 2105 mortale
1142 2075 1167 2105 si
1180 2075 1270 2105 etiem
1283 2074 1351 2106 dua

733 2117 970 2151 denuntiationes
1003 2120 1186 2150 omittantur.
1216 2135 1259 2142 —
1291 2119 1350 2151 Sed

733 2162 802 2194 huic
816 2162 1002 2204 probabilia«
1021 2161 1198 2194 muti-adicit
1212 2163 1297 2194 Cone.
1309 2179 1350 2188 —

772 2252 927 2290 Quo-riem-
940 2253 972 2282 9·
990 2261 1029 2283 an
1045 2251 1282 2284 denuntiationes
1293 2252 1350 2284 da-

730 2296 820 2327 beant
838 2296 903 2327 fieri
916 2296 946 2327 in
959 2296 1088 2328 Ecclesia
1100 2319 1109 2335 ,
1129 2300 1161 2327 et
1179 2296 1258 2328 inter
1275 2297 1349 2329 His-

731 2349 833 2372 sarum
854 2340 996 2372 solemnia
1006 2341 1022 2371 ἳ

771 2387 803 2417 Β.
821 2402 864 2411 -
883 2386 996 2417 Revera
1016 2387 1060 2418 sic
1085 2387 1291 2428 praescribitur
1317 2387 1348 2419 in

733 2430 918 2469 Tridentino,
942 2435 974 2462 et
996 2431 1028 2463 in
1051 2432 1137 2463 Missa
1164 2432 1347 2473 parochiali,

730 2476 778 2508 vel
813 2475 999 2508 conventuali
1038 2477 1164 2508 arbitrio
1201 2477 1323 2509 Pal-ochi
1336 2500 1346 2515 ,

729 2522 820 2554 etiam
833 2521 1052 2554 contradicente
1067 2520 1210 2564 Capitale.
1226 2538 1269 2546 —
1286 2520 1347 2554 Sed
